<?xml version="1.0" encoding="UTF-8"?>
<!DOCTYPE html PUBLIC "-//W3C//DTD XHTML 1.0 Transitional//EN"
    "http://www.w3.org/TR/xhtml1/DTD/xhtml1-transitional.dtd">
<html xmlns="http://www.w3.org/1999/xhtml" xml:lang="en" lang="en">
 <head>
  <title>
</title>
<meta http-equiv="Content-Type" content="text/html;charset=utf-8" />
  <meta name='ocr-system' content='tesseract 3.04.00' />
  <meta name='ocr-capabilities' content='ocr_page ocr_carea ocr_par ocr_line ocrx_word'/>
</head>
<body>
  <div class='ocr_page' id='page_1' title='image "./deimitationehor01senegoog_0010.png"; bbox 0 0 3759 5400; ppageno 0'>
   <div class='ocr_carea' id='block_1_1' title="bbox 1729 177 2113 238">
    <p class='ocr_par' dir='ltr' id='par_1_1' title="bbox 1729 177 2113 238">
     <span class='ocr_line' id='line_1_1' title="bbox 1729 177 2113 238; baseline 0 -18"><span class='ocrx_word' id='word_1_1' title='bbox 1729 177 2113 238; x_wconf 70' lang='lat'>..6-</span> 
     </span>
    </p>
   </div>
   <div class='ocr_carea' id='block_1_2' title="bbox 437 344 3425 2828">
    <p class='ocr_par' dir='ltr' id='par_1_2' title="bbox 513 344 3325 742">
     <span class='ocr_line' id='line_1_2' title="bbox 523 344 3325 433; baseline 0.001 -23"><span class='ocrx_word' id='word_1_2' title='bbox 523 344 846 413; x_wconf 78' lang='lat' dir='ltr'><strong>conferas</strong></span> <span class='ocrx_word' id='word_1_3' title='bbox 911 345 1110 412; x_wconf 78' lang='lat' dir='ltr'><strong>etiam</strong></span> <span class='ocrx_word' id='word_1_4' title='bbox 1177 345 1336 411; x_wconf 90' lang='lat' dir='ltr'><strong>Hor.</strong></span> <span class='ocrx_word' id='word_1_5' title='bbox 1398 344 1514 411; x_wconf 90' lang='lat' dir='ltr'><strong>IV.</strong></span> <span class='ocrx_word' id='word_1_6' title='bbox 1600 349 1660 411; x_wconf 88' lang='lat'><strong>3.</strong></span> <span class='ocrx_word' id='word_1_7' title='bbox 1723 349 1898 410; x_wconf 84' lang='grc'><strong>4-5</strong></span> <span class='ocrx_word' id='word_1_8' title='bbox 1976 369 2099 410; x_wconf 82' lang='lat' dir='ltr'><strong>non</strong></span> <span class='ocrx_word' id='word_1_9' title='bbox 2160 369 2349 422; x_wconf 77' lang='lat' dir='ltr'><strong>equus</strong></span> <span class='ocrx_word' id='word_1_10' title='bbox 2414 349 2681 433; x_wconf 75' lang='lat' dir='ltr'><strong>impiqer</strong></span> <span class='ocrx_word' id='word_1_11' title='bbox 2742 385 2829 396; x_wconf 87' lang='lat'>—</span> <span class='ocrx_word' id='word_1_12' title='bbox 2890 372 3087 413; x_wconf 73' lang='lat' dir='ltr'><strong>cun-u</strong></span> <span class='ocrx_word' id='word_1_13' title='bbox 3148 351 3325 414; x_wconf 80' lang='lat' dir='ltr'><strong>ducet</strong></span> 
     </span>
     <span class='ocr_line' id='line_1_3' title="bbox 513 449 3325 520; baseline 0.002 -7"><span class='ocrx_word' id='word_1_14' title='bbox 513 451 794 516; x_wconf 75' lang='lat' dir='ltr'><strong>Achaico</strong></span> <span class='ocrx_word' id='word_1_15' title='bbox 855 489 937 499; x_wconf 92' lang='lat'>—</span> <span class='ocrx_word' id='word_1_16' title='bbox 1000 452 1314 518; x_wconf 54' lang='lat' dir='ltr'><strong>metm-em.</strong></span> <span class='ocrx_word' id='word_1_17' title='bbox 1393 449 1528 516; x_wconf 91' lang='lat' dir='ltr'><strong>Sed</strong></span> <span class='ocrx_word' id='word_1_18' title='bbox 1587 449 1722 515; x_wconf 89' lang='lat' dir='ltr'><strong>iam</strong></span> <span class='ocrx_word' id='word_1_19' title='bbox 1799 452 1887 516; x_wconf 88' lang='lat' dir='ltr'><strong>ad</strong></span> <span class='ocrx_word' id='word_1_20' title='bbox 1976 452 2331 518; x_wconf 88' lang='lat' dir='ltr'><strong>verborum</strong></span> <span class='ocrx_word' id='word_1_21' title='bbox 2403 451 2901 520; x_wconf 90' lang='lat' dir='ltr'><strong>coniunctiones</strong></span> <span class='ocrx_word' id='word_1_22' title='bbox 2964 473 3007 519; x_wconf 87' lang='lat' dir='ltr'><strong>a</strong></span> <span class='ocrx_word' id='word_1_23' title='bbox 3068 452 3325 520; x_wconf 81' lang='lat' dir='ltr'><strong>Seneca</strong></span> 
     </span>
     <span class='ocr_line' id='line_1_4' title="bbox 515 553 3325 640; baseline 0.001 -20"><span class='ocrx_word' id='word_1_24' title='bbox 515 560 822 622; x_wconf 85' lang='lat' dir='ltr'><strong>retentas</strong></span> <span class='ocrx_word' id='word_1_25' title='bbox 889 555 998 622; x_wconf 87' lang='lat' dir='ltr'><strong>vel</strong></span> <span class='ocrx_word' id='word_1_26' title='bbox 1059 554 1258 638; x_wconf 88' lang='lat' dir='ltr'><strong>paulo</strong></span> <span class='ocrx_word' id='word_1_27' title='bbox 1321 553 1706 620; x_wconf 88' lang='lat' dir='ltr'><strong>imminutas</strong></span> <span class='ocrx_word' id='word_1_28' title='bbox 1773 553 2157 638; x_wconf 86' lang='lat' dir='ltr'><strong>aggrediar,</strong></span> <span class='ocrx_word' id='word_1_29' title='bbox 2221 573 2501 634; x_wconf 88' lang='lat' dir='ltr'><strong>quarum</strong></span> <span class='ocrx_word' id='word_1_30' title='bbox 2562 575 2710 621; x_wconf 90' lang='lat' dir='ltr'><strong>cum</strong></span> <span class='ocrx_word' id='word_1_31' title='bbox 2772 557 2903 622; x_wconf 87' lang='lat' dir='ltr'><strong>iam</strong></span> <span class='ocrx_word' id='word_1_32' title='bbox 2966 576 3171 640; x_wconf 88' lang='lat' dir='ltr'><strong>supra</strong></span> <span class='ocrx_word' id='word_1_33' title='bbox 3222 576 3325 624; x_wconf 89' lang='lat' dir='ltr'><strong>me</strong></span> 
     </span>
     <span class='ocr_line' id='line_1_5' title="bbox 513 658 2847 742; baseline 0.001 -18"><span class='ocrx_word' id='word_1_34' title='bbox 513 659 837 742; x_wconf 83' lang='lat' dir='ltr'><strong>plurimas</strong></span> <span class='ocrx_word' id='word_1_35' title='bbox 880 664 1183 726; x_wconf 87' lang='lat' dir='ltr'><strong>tractare</strong></span> <span class='ocrx_word' id='word_1_36' title='bbox 1230 658 1622 741; x_wconf 81' lang='lat' dir='ltr'>oportuerit,</span> <span class='ocrx_word' id='word_1_37' title='bbox 1667 658 1971 741; x_wconf 85' lang='lat' dir='ltr'><strong>exempla</strong></span> <span class='ocrx_word' id='word_1_38' title='bbox 2013 658 2369 724; x_wconf 87' lang='lat' dir='ltr'><strong>referenda</strong></span> <span class='ocrx_word' id='word_1_39' title='bbox 2412 664 2571 726; x_wconf 89' lang='lat' dir='ltr'><strong>sunt</strong></span> <span class='ocrx_word' id='word_1_40' title='bbox 2614 679 2847 741; x_wconf 87' lang='lat' dir='ltr'><strong>pauca.</strong></span> 
     </span>
    </p>

    <p class='ocr_par' dir='ltr' id='par_1_3' title="bbox 515 763 3425 2098">
     <span class='ocr_line' id='line_1_6' title="bbox 727 763 3327 850; baseline -0 -19"><span class='ocrx_word' id='word_1_41' title='bbox 727 765 841 831; x_wconf 77' lang='lat' dir='ltr'><strong>Ita</strong></span> <span class='ocrx_word' id='word_1_42' title='bbox 884 785 948 833; x_wconf 86' lang='lat' dir='ltr'><strong>v.</strong></span> <span class='ocrx_word' id='word_1_43' title='bbox 995 765 1340 830; x_wconf 88' lang='lat'>139—140</span> <span class='ocrx_word' id='word_1_44' title='bbox 1370 765 1602 828; x_wconf 73' lang='lat' dir='ltr'><strong>Pastor</strong></span> <span class='ocrx_word' id='word_1_45' title='bbox 1626 763 1838 849; x_wconf 76' lang='lat' dir='ltr'><strong>qelida</strong></span> <span class='ocrx_word' id='word_1_46' title='bbox 1867 782 2087 828; x_wconf 76' lang='lat' dir='ltr'><strong>cana</strong></span> <span class='ocrx_word' id='word_1_47' title='bbox 2100 766 2437 844; x_wconf 67' lang='lat' dir='ltr'><strong>pruma</strong></span> <span class='ocrx_word' id='word_1_48' title='bbox 2466 799 2547 810; x_wconf 89' lang='lat'><strong>--</strong></span> <span class='ocrx_word' id='word_1_49' title='bbox 2576 787 2756 850; x_wconf 65' lang='grc' dir='ltr'><strong>φερε</strong></span> <span class='ocrx_word' id='word_1_50' title='bbox 2786 765 3048 830; x_wconf 79' lang='lat' dir='ltr'><strong>dimisso</strong></span> <span class='ocrx_word' id='word_1_51' title='bbox 3081 766 3327 850; x_wconf 77' lang='lat' dir='ltr'><strong>pabula</strong></span> 
     </span>
     <span class='ocr_line' id='line_1_7' title="bbox 515 867 3327 955; baseline 0 -21"><span class='ocrx_word' id='word_1_52' title='bbox 515 871 726 955; x_wconf 76' lang='lat' dir='ltr'><strong>carpit</strong></span> <span class='ocrx_word' id='word_1_53' title='bbox 794 872 1070 951; x_wconf 88' lang='lat' dir='ltr'><strong>propter</strong></span> <span class='ocrx_word' id='word_1_54' title='bbox 1141 867 1638 933; x_wconf 84' lang='lat' dir='ltr'><strong>similitudinem</strong></span> <span class='ocrx_word' id='word_1_55' title='bbox 1723 867 2197 934; x_wconf 88' lang='lat' dir='ltr'><strong>vocabulorum</strong></span> <span class='ocrx_word' id='word_1_56' title='bbox 2293 870 2362 932; x_wconf 92' lang='lat' dir='ltr'><strong>et</strong></span> <span class='ocrx_word' id='word_1_57' title='bbox 2434 886 2675 934; x_wconf 89' lang='lat' dir='ltr'><strong>sensus</strong></span> <span class='ocrx_word' id='word_1_58' title='bbox 2738 870 3114 936; x_wconf 88' lang='lat' dir='ltr'><strong>adumbrati</strong></span> <span class='ocrx_word' id='word_1_59' title='bbox 3178 887 3327 935; x_wconf 89' lang='lat' dir='ltr'><strong>esse</strong></span> 
     </span>
     <span class='ocr_line' id='line_1_8' title="bbox 517 969 3329 1056; baseline -0 -17"><span class='ocrx_word' id='word_1_60' title='bbox 517 973 838 1041; x_wconf 78' lang='lat' dir='ltr'><strong>videntur</strong></span> <span class='ocrx_word' id='word_1_61' title='bbox 883 992 968 1037; x_wconf 86' lang='lat' dir='ltr'><strong>ex</strong></span> <span class='ocrx_word' id='word_1_62' title='bbox 1011 973 1172 1038; x_wconf 91' lang='lat' dir='ltr'><strong>Hor.</strong></span> <span class='ocrx_word' id='word_1_63' title='bbox 1215 972 1268 1036; x_wconf 93' lang='grc' dir='ltr'><strong>Ι.</strong></span> <span class='ocrx_word' id='word_1_64' title='bbox 1311 975 1372 1036; x_wconf 88' lang='grc'><strong>4.</strong></span> <span class='ocrx_word' id='word_1_65' title='bbox 1415 976 1458 1036; x_wconf 86' lang='grc'>4</span> <span class='ocrx_word' id='word_1_66' title='bbox 1505 969 1642 1035; x_wconf 89' lang='lat' dir='ltr'><strong>Nec</strong></span> <span class='ocrx_word' id='word_1_67' title='bbox 1653 981 1856 1056; x_wconf 79' lang='lat' dir='ltr'><strong>prata</strong></span> <span class='ocrx_word' id='word_1_68' title='bbox 1902 974 2143 1036; x_wconf 72' lang='lat' dir='ltr'><strong>canis</strong></span> <span class='ocrx_word' id='word_1_69' title='bbox 2185 970 2463 1035; x_wconf 81' lang='lat' dir='ltr'><strong><em>albicant</em></strong></span> <span class='ocrx_word' id='word_1_70' title='bbox 2488 975 2875 1054; x_wconf 60' lang='lat' dir='ltr'><strong>minist,-</strong></span> <span class='ocrx_word' id='word_1_71' title='bbox 2910 974 3089 1039; x_wconf 89' lang='lat' dir='ltr'><strong>haud</strong></span> <span class='ocrx_word' id='word_1_72' title='bbox 3134 991 3329 1040; x_wconf 87' lang='lat' dir='ltr'><strong>secus</strong></span> 
     </span>
     <span class='ocr_line' id='line_1_9' title="bbox 517 1074 3329 1158; baseline -0.001 -14"><span class='ocrx_word' id='word_1_73' title='bbox 517 1098 585 1146; x_wconf 84' lang='lat' dir='ltr'><strong>v.</strong></span> <span class='ocrx_word' id='word_1_74' title='bbox 633 1081 760 1143; x_wconf 84' lang='grc'><strong>142</strong></span> <span class='ocrx_word' id='word_1_75' title='bbox 803 1080 1187 1143; x_wconf 71' lang='lat' dir='ltr'><strong>umidum</strong></span> <span class='ocrx_word' id='word_1_76' title='bbox 1227 1084 1486 1156; x_wconf 78' lang='lat' dir='ltr'><strong>rupta</strong></span> <span class='ocrx_word' id='word_1_77' title='bbox 1511 1077 1802 1158; x_wconf 73' lang='lat' dir='ltr'><strong>fronte</strong></span> <span class='ocrx_word' id='word_1_78' title='bbox 1831 1078 2123 1140; x_wconf 81' lang='lat' dir='ltr'><strong>iuvencus</strong></span> <span class='ocrx_word' id='word_1_79' title='bbox 2153 1074 2441 1141; x_wconf 87' lang='lat' dir='ltr'><strong>conferri</strong></span> <span class='ocrx_word' id='word_1_80' title='bbox 2472 1077 2673 1141; x_wconf 87' lang='lat' dir='ltr'><strong>debet</strong></span> <span class='ocrx_word' id='word_1_81' title='bbox 2704 1095 2851 1141; x_wconf 91' lang='lat' dir='ltr'><strong>cum</strong></span> <span class='ocrx_word' id='word_1_82' title='bbox 2880 1077 3039 1144; x_wconf 90' lang='lat' dir='ltr'><strong>Hor.</strong></span> <span class='ocrx_word' id='word_1_83' title='bbox 3069 1078 3196 1142; x_wconf 83' lang='grc' dir='ltr'><strong>ΠΙ.</strong></span> <span class='ocrx_word' id='word_1_84' title='bbox 3231 1080 3329 1143; x_wconf 87' lang='grc'><strong>13.</strong></span> 
     </span>
     <span class='ocr_line' id='line_1_10' title="bbox 521 1180 3330 1267; baseline -0.002 -17"><span class='ocrx_word' id='word_1_85' title='bbox 521 1187 697 1250; x_wconf 81' lang='grc'><strong>3-5</strong></span> <span class='ocrx_word' id='word_1_86' title='bbox 748 1181 911 1248; x_wconf 83' lang='lat' dir='ltr'><strong>Cras</strong></span> <span class='ocrx_word' id='word_1_87' title='bbox 956 1180 1286 1245; x_wconf 70' lang='lat' dir='ltr'><strong><em>donaberis</em></strong></span> <span class='ocrx_word' id='word_1_88' title='bbox 1331 1180 1548 1263; x_wconf 79' lang='lat' dir='ltr'><strong>haedo,</strong></span> <span class='ocrx_word' id='word_1_89' title='bbox 1591 1217 1676 1228; x_wconf 94' lang='lat'>—</span> <span class='ocrx_word' id='word_1_90' title='bbox 1723 1181 1831 1243; x_wconf 80' lang='lat' dir='ltr'><strong>cui</strong></span> <span class='ocrx_word' id='word_1_91' title='bbox 1854 1181 2112 1262; x_wconf 74' lang='lat' dir='ltr'><strong>frmw</strong></span> <span class='ocrx_word' id='word_1_92' title='bbox 2156 1182 2500 1261; x_wconf 73' lang='lat' dir='ltr'><strong>turyida</strong></span> <span class='ocrx_word' id='word_1_93' title='bbox 2544 1183 2933 1246; x_wconf 73' lang='lat' dir='ltr'><strong>comibus</strong></span> <span class='ocrx_word' id='word_1_94' title='bbox 2966 1185 3197 1267; x_wconf 80' lang='lat' dir='ltr'><strong>primis</strong></span> <span class='ocrx_word' id='word_1_95' title='bbox 3225 1195 3330 1246; x_wconf 82' lang='lat' dir='ltr'><strong>etc.</strong></span> 
     </span>
     <span class='ocr_line' id='line_1_11' title="bbox 517 1284 3425 1368; baseline -0.001 -13"><span class='ocrx_word' id='word_1_96' title='bbox 517 1289 776 1356; x_wconf 87' lang='lat' dir='ltr'><strong>Eadem</strong></span> <span class='ocrx_word' id='word_1_97' title='bbox 822 1286 1088 1368; x_wconf 89' lang='lat' dir='ltr'><strong>locuti0,</strong></span> <span class='ocrx_word' id='word_1_98' title='bbox 1138 1304 1308 1366; x_wconf 89' lang='lat' dir='ltr'><strong>quae</strong></span> <span class='ocrx_word' id='word_1_99' title='bbox 1353 1284 1423 1351; x_wconf 91' lang='lat' dir='ltr'><strong>in</strong></span> <span class='ocrx_word' id='word_1_100' title='bbox 1469 1303 1532 1351; x_wconf 88' lang='lat' dir='ltr'><strong>v.</strong></span> <span class='ocrx_word' id='word_1_101' title='bbox 1580 1287 1923 1349; x_wconf 84' lang='lat'>194—195</span> <span class='ocrx_word' id='word_1_102' title='bbox 1970 1285 2249 1368; x_wconf 82' lang='lat' dir='ltr'><strong>caeloque</strong></span> <span class='ocrx_word' id='word_1_103' title='bbox 2266 1304 2576 1365; x_wconf 78' lang='lat' dir='ltr'><strong>parem</strong></span> <span class='ocrx_word' id='word_1_104' title='bbox 2605 1323 2692 1332; x_wconf 91' lang='lat'><strong>—-—</strong></span> <span class='ocrx_word' id='word_1_105' title='bbox 2720 1289 2951 1351; x_wconf 82' lang='lat' dir='ltr'><strong>tollat</strong></span> <span class='ocrx_word' id='word_1_106' title='bbox 2988 1299 3045 1350; x_wconf 82' lang='lat' dir='ltr'><strong>et</strong></span> <span class='ocrx_word' id='word_1_107' title='bbox 3074 1290 3335 1352; x_wconf 71' lang='lat' dir='ltr'><strong>aem-is</strong></span> <span class='ocrx_word' id='word_1_108' title='bbox 3418 1301 3425 1310; x_wconf 87' lang='lat'><strong>·</strong></span> 
     </span>
     <span class='ocr_line' id='line_1_12' title="bbox 529 1388 3329 1473; baseline -0.001 -14"><span class='ocrx_word' id='word_1_109' title='bbox 529 1391 844 1473; x_wconf 90' lang='lat' dir='ltr'><strong>occurrit,</strong></span> <span class='ocrx_word' id='word_1_110' title='bbox 908 1389 1198 1457; x_wconf 87' lang='lat' dir='ltr'><strong>occurrit</strong></span> <span class='ocrx_word' id='word_1_111' title='bbox 1259 1392 1532 1471; x_wconf 88' lang='lat' dir='ltr'><strong>praeter</strong></span> <span class='ocrx_word' id='word_1_112' title='bbox 1611 1388 1778 1454; x_wconf 88' lang='lat' dir='ltr'><strong>alios</strong></span> <span class='ocrx_word' id='word_1_113' title='bbox 1832 1393 2073 1470; x_wconf 85' lang='lat' dir='ltr'><strong>poetas</strong></span> <span class='ocrx_word' id='word_1_114' title='bbox 2136 1390 2313 1470; x_wconf 84' lang='lat' dir='ltr'><strong>apud</strong></span> <span class='ocrx_word' id='word_1_115' title='bbox 2367 1388 2719 1454; x_wconf 82' lang='lat' dir='ltr'><strong>Horatium</strong></span> <span class='ocrx_word' id='word_1_116' title='bbox 2784 1395 2907 1454; x_wconf 86' lang='lat' dir='ltr'><strong>sat.</strong></span> <span class='ocrx_word' id='word_1_117' title='bbox 2970 1391 3060 1456; x_wconf 88' lang='lat' dir='ltr'><strong>H.</strong></span> <span class='ocrx_word' id='word_1_118' title='bbox 3122 1395 3180 1457; x_wconf 90' lang='lat'><strong>7.</strong></span> <span class='ocrx_word' id='word_1_119' title='bbox 3235 1394 3329 1457; x_wconf 82' lang='grc'><strong>,29</strong></span> 
     </span>
     <span class='ocr_line' id='line_1_13' title="bbox 519 1493 3331 1582; baseline -0.002 -20"><span class='ocrx_word' id='word_1_120' title='bbox 519 1500 740 1562; x_wconf 78' lang='lat' dir='ltr'><strong>urbem</strong></span> <span class='ocrx_word' id='word_1_121' title='bbox 777 1498 999 1561; x_wconf 83' lang='lat' dir='ltr'><strong>tollis</strong></span> <span class='ocrx_word' id='word_1_122' title='bbox 1041 1499 1154 1560; x_wconf 78' lang='lat' dir='ltr'><strong>ad</strong></span> <span class='ocrx_word' id='word_1_123' title='bbox 1198 1503 1431 1559; x_wconf 71' lang='lat' dir='ltr'><strong>astra</strong></span> <span class='ocrx_word' id='word_1_124' title='bbox 1473 1494 1818 1559; x_wconf 79' lang='lat' dir='ltr'><strong>Postremo</strong></span> <span class='ocrx_word' id='word_1_125' title='bbox 1896 1495 1983 1558; x_wconf 83' lang='lat' dir='ltr'><strong>ad</strong></span> <span class='ocrx_word' id='word_1_126' title='bbox 2054 1512 2115 1556; x_wconf 83' lang='lat' dir='ltr'><strong>v.</strong></span> <span class='ocrx_word' id='word_1_127' title='bbox 2198 1495 2537 1557; x_wconf 87' lang='lat'>169—171</span> <span class='ocrx_word' id='word_1_128' title='bbox 2604 1493 2781 1557; x_wconf 82' lang='lat' dir='ltr'><strong>illum</strong></span> <span class='ocrx_word' id='word_1_129' title='bbox 2840 1495 3073 1580; x_wconf 76' lang='lat' dir='ltr'><strong>populi</strong></span> <span class='ocrx_word' id='word_1_130' title='bbox 3126 1497 3331 1582; x_wconf 81' lang='lat' dir='ltr'><strong>favor</strong></span> 
     </span>
     <span class='ocr_line' id='line_1_14' title="bbox 517 1599 3337 1684; baseline -0.001 -18"><span class='ocrx_word' id='word_1_131' title='bbox 517 1605 860 1667; x_wconf 78' lang='lat' dir='ltr'><strong>attonitum</strong></span> <span class='ocrx_word' id='word_1_132' title='bbox 909 1636 984 1646; x_wconf 95' lang='lat'>—</span> <span class='ocrx_word' id='word_1_133' title='bbox 1021 1599 1340 1683; x_wconf 81' lang='lat' dir='ltr'><strong>fluctuque</strong></span> <span class='ocrx_word' id='word_1_134' title='bbox 1367 1599 1569 1684; x_wconf 66' lang='lat' dir='ltr'><strong>magis</strong></span> <span class='ocrx_word' id='word_1_135' title='bbox 1597 1599 1897 1662; x_wconf 75' lang='lat' dir='ltr'><strong>mobile</strong></span> <span class='ocrx_word' id='word_1_136' title='bbox 1938 1601 2234 1679; x_wconf 58' lang='lat' dir='ltr'><strong>milyas</strong></span> <span class='ocrx_word' id='word_1_137' title='bbox 2266 1633 2347 1644; x_wconf 92' lang='lat'><strong>—-</strong></span> <span class='ocrx_word' id='word_1_138' title='bbox 2380 1621 2547 1660; x_wconf 78' lang='lat' dir='ltr'><strong>aura</strong></span> <span class='ocrx_word' id='word_1_139' title='bbox 2590 1599 2903 1662; x_wconf 78' lang='lat' dir='ltr'><strong>tumidum</strong></span> <span class='ocrx_word' id='word_1_140' title='bbox 2947 1599 3107 1662; x_wconf 77' lang='lat' dir='ltr'><strong>tollit</strong></span> <span class='ocrx_word' id='word_1_141' title='bbox 3150 1600 3337 1663; x_wconf 81' lang='lat' dir='ltr'><strong>inani</strong></span> 
     </span>
     <span class='ocr_line' id='line_1_15' title="bbox 522 1701 3337 1788; baseline -0.002 -16"><span class='ocrx_word' id='word_1_142' title='bbox 522 1706 658 1772; x_wconf 90' lang='lat' dir='ltr'><strong>iam</strong></span> <span class='ocrx_word' id='word_1_143' title='bbox 701 1702 1080 1788; x_wconf 88' lang='lat' dir='ltr'><strong>Zingerlius</strong></span> <span class='ocrx_word' id='word_1_144' title='bbox 1153 1703 1196 1768; x_wconf 87' lang='lat'><strong>1.</strong></span> <span class='ocrx_word' id='word_1_145' title='bbox 1243 1721 1300 1770; x_wconf 87' lang='lat' dir='ltr'><strong>c.</strong></span> <span class='ocrx_word' id='word_1_146' title='bbox 1347 1721 1498 1786; x_wconf 85' lang='lat' dir='ltr'><strong>pag.</strong></span> <span class='ocrx_word' id='word_1_147' title='bbox 1563 1704 1645 1766; x_wconf 88' lang='lat'><strong>13</strong></span> <span class='ocrx_word' id='word_1_148' title='bbox 1709 1704 1878 1767; x_wconf 89' lang='lat' dir='ltr'><strong>bene</strong></span> <span class='ocrx_word' id='word_1_149' title='bbox 1944 1701 2291 1768; x_wconf 77' lang='lat' dir='ltr'><strong>adnotavit</strong></span> <span class='ocrx_word' id='word_1_150' title='bbox 2353 1702 2513 1767; x_wconf 90' lang='lat' dir='ltr'><strong>Hor.</strong></span> <span class='ocrx_word' id='word_1_151' title='bbox 2586 1701 2640 1766; x_wconf 94' lang='grc' dir='ltr'><strong>Ι.</strong></span> <span class='ocrx_word' id='word_1_152' title='bbox 2703 1706 2761 1766; x_wconf 91' lang='grc'><strong>1.</strong></span> <span class='ocrx_word' id='word_1_153' title='bbox 2810 1706 2981 1767; x_wconf 86' lang='grc'><strong>7-8</strong></span> <span class='ocrx_word' id='word_1_154' title='bbox 3045 1701 3232 1766; x_wconf 80' lang='lat' dir='ltr'><strong>Hunc</strong></span> <span class='ocrx_word' id='word_1_155' title='bbox 3274 1706 3337 1766; x_wconf 83' lang='lat' dir='ltr'><strong>si</strong></span> 
     </span>
     <span class='ocr_line' id='line_1_16' title="bbox 521 1807 3335 1893; baseline -0.002 -15"><span class='ocrx_word' id='word_1_156' title='bbox 521 1813 966 1878; x_wconf 61' lang='lat' dir='ltr'><strong>‘mobilium</strong></span> <span class='ocrx_word' id='word_1_157' title='bbox 1009 1811 1255 1873; x_wconf 72' lang='lat' dir='ltr'><strong>turba</strong></span> <span class='ocrx_word' id='word_1_158' title='bbox 1311 1807 1660 1882; x_wconf 81' lang='lat' dir='ltr'><strong>Quiritium</strong></span> <span class='ocrx_word' id='word_1_159' title='bbox 1691 1844 1773 1854; x_wconf 93' lang='lat'>—</span> <span class='ocrx_word' id='word_1_160' title='bbox 1806 1817 2001 1871; x_wconf 62' lang='lat' dir='ltr'><strong>cenat</strong></span> <span class='ocrx_word' id='word_1_161' title='bbox 2044 1809 2399 1893; x_wconf 75' lang='lat' dir='ltr'><strong>teryemim&#39;s</strong></span> <span class='ocrx_word' id='word_1_162' title='bbox 2442 1807 2653 1871; x_wconf 78' lang='lat' dir='ltr'><strong>tollere</strong></span> <span class='ocrx_word' id='word_1_163' title='bbox 2674 1807 3029 1871; x_wconf 78' lang='lat' dir='ltr'><strong>honoribus.</strong></span> <span class='ocrx_word' id='word_1_164' title='bbox 3076 1808 3335 1874; x_wconf 82' lang='lat' dir='ltr'>Versus</span> 
     </span>
     <span class='ocr_line' id='line_1_17' title="bbox 525 1911 3327 1997; baseline -0.002 -17"><span class='ocrx_word' id='word_1_165' title='bbox 525 1920 749 1981; x_wconf 91' lang='lat' dir='ltr'><strong>autem</strong></span> <span class='ocrx_word' id='word_1_166' title='bbox 797 1916 922 1978; x_wconf 84' lang='lat'><strong>185</strong></span> <span class='ocrx_word' id='word_1_167' title='bbox 969 1915 1291 1994; x_wconf 69' lang='lat' dir='ltr'><strong>Styyias</strong></span> <span class='ocrx_word' id='word_1_168' title='bbox 1333 1911 1498 1975; x_wconf 78' lang='lat' dir='ltr'><strong>ultro</strong></span> <span class='ocrx_word' id='word_1_169' title='bbox 1559 1913 1921 1997; x_wconf 78' lang='lat' dir='ltr'><strong><em>quaerimus</em></strong></span> <span class='ocrx_word' id='word_1_170' title='bbox 1964 1915 2245 1976; x_wconf 74' lang='lat' dir='ltr'><strong>undas</strong></span> <span class='ocrx_word' id='word_1_171' title='bbox 2308 1913 2616 1976; x_wconf 86' lang='lat' dir='ltr'><strong>admouet</strong></span> <span class='ocrx_word' id='word_1_172' title='bbox 2659 1911 2994 1994; x_wconf 88' lang='lat' dir='ltr'><strong>legentem</strong></span> <span class='ocrx_word' id='word_1_173' title='bbox 3037 1912 3198 1977; x_wconf 90' lang='lat' dir='ltr'><strong>Hor.</strong></span> <span class='ocrx_word' id='word_1_174' title='bbox 3238 1911 3327 1976; x_wconf 88' lang='lat' dir='ltr'><strong>H.</strong></span> 
     </span>
     <span class='ocr_line' id='line_1_18' title="bbox 527 2015 1928 2098; baseline -0.001 -15"><span class='ocrx_word' id='word_1_175' title='bbox 527 2021 633 2085; x_wconf 83' lang='lat'><strong>20.</strong></span> <span class='ocrx_word' id='word_1_176' title='bbox 682 2022 750 2083; x_wconf 89' lang='lat'><strong>8:</strong></span> <span class='ocrx_word' id='word_1_177' title='bbox 798 2017 935 2082; x_wconf 88' lang='lat' dir='ltr'><strong>Nec</strong></span> <span class='ocrx_word' id='word_1_178' title='bbox 982 2019 1264 2098; x_wconf 66' lang='lat' dir='ltr'><strong>Smyia</strong></span> <span class='ocrx_word' id='word_1_179' title='bbox 1305 2015 1620 2080; x_wconf 79' lang='lat' dir='ltr'><strong><em>cohibetur</em></strong></span> <span class='ocrx_word' id='word_1_180' title='bbox 1663 2020 1928 2083; x_wconf 63' lang='lat' dir='ltr'><strong>‘emda-</strong></span> 
     </span>
    </p>

    <p class='ocr_par' dir='ltr' id='par_1_4' title="bbox 523 2118 3339 2414">
     <span class='ocr_line' id='line_1_19' title="bbox 737 2118 3337 2204; baseline -0.002 -17"><span class='ocrx_word' id='word_1_181' title='bbox 737 2121 1023 2204; x_wconf 88' lang='lat' dir='ltr'><strong>Singula</strong></span> <span class='ocrx_word' id='word_1_182' title='bbox 1053 2121 1338 2200; x_wconf 89' lang='lat' dir='ltr'><strong>denique</strong></span> <span class='ocrx_word' id='word_1_183' title='bbox 1357 2120 1682 2188; x_wconf 86' lang='lat' dir='ltr'><strong>vocabula</strong></span> <span class='ocrx_word' id='word_1_184' title='bbox 1711 2139 1754 2185; x_wconf 88' lang='lat' dir='ltr'><strong>a</strong></span> <span class='ocrx_word' id='word_1_185' title='bbox 1773 2120 2020 2186; x_wconf 83' lang='lat' dir='ltr'><strong>Flacco</strong></span> <span class='ocrx_word' id='word_1_186' title='bbox 2042 2120 2340 2187; x_wconf 87' lang='lat' dir='ltr'><strong>adhibita</strong></span> <span class='ocrx_word' id='word_1_187' title='bbox 2372 2120 2569 2202; x_wconf 86' lang='lat' dir='ltr'><strong>paulo</strong></span> <span class='ocrx_word' id='word_1_188' title='bbox 2590 2122 2938 2186; x_wconf 87' lang='lat' dir='ltr'><strong>immutata</strong></span> <span class='ocrx_word' id='word_1_189' title='bbox 2956 2118 3337 2184; x_wconf 79' lang='lat' dir='ltr'><strong>retinentur</strong></span> 
     </span>
     <span class='ocr_line' id='line_1_20' title="bbox 525 2221 3337 2307; baseline -0.002 -15"><span class='ocrx_word' id='word_1_190' title='bbox 525 2246 570 2292; x_wconf 90' lang='lat' dir='ltr'><strong>a</strong></span> <span class='ocrx_word' id='word_1_191' title='bbox 612 2225 872 2292; x_wconf 86' lang='lat' dir='ltr'><strong>Seneca</strong></span> <span class='ocrx_word' id='word_1_192' title='bbox 915 2227 1109 2291; x_wconf 86' lang='lat' dir='ltr'><strong>haec:</strong></span> <span class='ocrx_word' id='word_1_193' title='bbox 1171 2225 1242 2290; x_wconf 87' lang='lat' dir='ltr'><strong>in</strong></span> <span class='ocrx_word' id='word_1_194' title='bbox 1286 2244 1347 2292; x_wconf 84' lang='lat' dir='ltr'><strong>v.</strong></span> <span class='ocrx_word' id='word_1_195' title='bbox 1394 2227 1520 2290; x_wconf 84' lang='lat'><strong>179</strong></span> <span class='ocrx_word' id='word_1_196' title='bbox 1563 2228 2041 2306; x_wconf 76' lang='lat' dir='ltr'><strong>volucrique</strong></span> <span class='ocrx_word' id='word_1_197' title='bbox 2070 2228 2208 2290; x_wconf 83' lang='lat' dir='ltr'><strong>die</strong></span> <span class='ocrx_word' id='word_1_198' title='bbox 2251 2225 2449 2307; x_wconf 89' lang='lat' dir='ltr'><strong>plane</strong></span> <span class='ocrx_word' id='word_1_199' title='bbox 2496 2231 2835 2293; x_wconf 88' lang='lat' dir='ltr'><strong>mutuatus</strong></span> <span class='ocrx_word' id='word_1_200' title='bbox 2900 2229 3003 2289; x_wconf 90' lang='lat' dir='ltr'><strong>est</strong></span> <span class='ocrx_word' id='word_1_201' title='bbox 3078 2221 3337 2288; x_wconf 85' lang='lat' dir='ltr'><strong>Seneca</strong></span> 
     </span>
     <span class='ocr_line' id='line_1_21' title="bbox 523 2329 3339 2414; baseline -0.002 -18"><span class='ocrx_word' id='word_1_202' title='bbox 523 2349 612 2396; x_wconf 80' lang='lat' dir='ltr'><strong>ex</strong></span> <span class='ocrx_word' id='word_1_203' title='bbox 655 2331 818 2396; x_wconf 87' lang='lat' dir='ltr'><strong>Hor.</strong></span> <span class='ocrx_word' id='word_1_204' title='bbox 861 2330 988 2396; x_wconf 91' lang='lat' dir='ltr'><strong>III.</strong></span> <span class='ocrx_word' id='word_1_205' title='bbox 1032 2333 1135 2395; x_wconf 81' lang='lat'><strong>28.</strong></span> <span class='ocrx_word' id='word_1_206' title='bbox 1185 2333 1226 2394; x_wconf 92' lang='grc'>6</span> <span class='ocrx_word' id='word_1_207' title='bbox 1271 2353 1346 2394; x_wconf 86' lang='lat' dir='ltr'><strong>ac</strong></span> <span class='ocrx_word' id='word_1_208' title='bbox 1387 2329 1582 2393; x_wconf 79' lang='lat' dir='ltr'><strong>veluti</strong></span> <span class='ocrx_word' id='word_1_209' title='bbox 1622 2339 1734 2392; x_wconf 80' lang='lat' dir='ltr'><strong>stet</strong></span> <span class='ocrx_word' id='word_1_210' title='bbox 1779 2332 2140 2395; x_wconf 75' lang='lat' dir='ltr'><strong>volucri-3</strong></span> <span class='ocrx_word' id='word_1_211' title='bbox 2168 2333 2347 2395; x_wconf 74' lang='lat' dir='ltr'><strong>die-3</strong></span> <span class='ocrx_word' id='word_1_212' title='bbox 2394 2367 2475 2378; x_wconf 90' lang='lat'><strong>--</strong></span> <span class='ocrx_word' id='word_1_213' title='bbox 2516 2333 2736 2414; x_wconf 77' lang='lat' dir='ltr'><strong>parcis</strong></span> <span class='ocrx_word' id='word_1_214' title='bbox 2780 2330 3069 2413; x_wconf 77' lang='lat' dir='ltr'><strong>deripere</strong></span> <span class='ocrx_word' id='word_1_215' title='bbox 3115 2331 3339 2391; x_wconf 81' lang='lat' dir='ltr'><strong>horreo</strong></span> 
     </span>
    </p>

    <p class='ocr_par' dir='ltr' id='par_1_5' title="bbox 437 2432 3339 2828">
     <span class='ocr_line' id='line_1_22' title="bbox 521 2432 3337 2518; baseline -0.001 -19"><span class='ocrx_word' id='word_1_216' title='bbox 521 2472 614 2482; x_wconf 95' lang='lat'>—</span> <span class='ocrx_word' id='word_1_217' title='bbox 677 2447 1009 2499; x_wconf 70' lang='lat' dir='ltr'><strong>cessantem</strong></span> <span class='ocrx_word' id='word_1_218' title='bbox 1079 2433 1307 2498; x_wconf 83' lang='lat' dir='ltr'><strong>Bibuli</strong></span> <span class='ocrx_word' id='word_1_219' title='bbox 1376 2434 1644 2498; x_wconf 81' lang='lat' dir='ltr'><strong>consulis</strong></span> <span class='ocrx_word' id='word_1_220' title='bbox 1719 2435 2110 2518; x_wconf 77' lang='lat' dir='ltr'><strong>amphoram,</strong></span> <span class='ocrx_word' id='word_1_221' title='bbox 2207 2453 2399 2514; x_wconf 91' lang='lat' dir='ltr'><strong>quem</strong></span> <span class='ocrx_word' id='word_1_222' title='bbox 2479 2434 2695 2499; x_wconf 88' lang='lat' dir='ltr'><strong>locum</strong></span> <span class='ocrx_word' id='word_1_223' title='bbox 2778 2433 2909 2499; x_wconf 87' lang='lat' dir='ltr'><strong>iam</strong></span> <span class='ocrx_word' id='word_1_224' title='bbox 2986 2432 3337 2498; x_wconf 82' lang='lat' dir='ltr'><strong>adnotavit</strong></span> 
     </span>
     <span class='ocr_line' id='line_1_23' title="bbox 437 2521 3339 2622; baseline -0.003 -17"><span class='ocrx_word' id='word_1_225' title='bbox 437 2521 450 2532; x_wconf 61' lang='lat'><em>⁰</em></span> <span class='ocrx_word' id='word_1_226' title='bbox 523 2541 862 2606; x_wconf 87' lang='lat' dir='ltr'><strong>Badenus.</strong></span> <span class='ocrx_word' id='word_1_227' title='bbox 904 2539 1234 2619; x_wconf 88' lang='lat' dir='ltr'><strong>Equidem</strong></span> <span class='ocrx_word' id='word_1_228' title='bbox 1277 2537 1738 2605; x_wconf 88' lang='lat' dir='ltr'><strong>adnotaverim</strong></span> <span class='ocrx_word' id='word_1_229' title='bbox 1813 2537 2015 2603; x_wconf 88' lang='lat' dir='ltr'><strong>etiam</strong></span> <span class='ocrx_word' id='word_1_230' title='bbox 2063 2538 2223 2603; x_wconf 92' lang='lat' dir='ltr'><strong>Hor.</strong></span> <span class='ocrx_word' id='word_1_231' title='bbox 2275 2537 2393 2603; x_wconf 91' lang='lat' dir='ltr'><strong>IV.</strong></span> <span class='ocrx_word' id='word_1_232' title='bbox 2462 2542 2562 2603; x_wconf 89' lang='lat'><strong>13.</strong></span> <span class='ocrx_word' id='word_1_233' title='bbox 2634 2542 2715 2603; x_wconf 89' lang='lat'><strong>16</strong></span> <span class='ocrx_word' id='word_1_234' title='bbox 2761 2549 3043 2622; x_wconf 80' lang='lat' dir='ltr'><strong>tempora</strong></span> <span class='ocrx_word' id='word_1_235' title='bbox 3086 2535 3339 2600; x_wconf 73' lang='lat' dir='ltr'><strong>inclusit</strong></span> 
     </span>
     <span class='ocr_line' id='line_1_24' title="bbox 523 2639 3339 2711; baseline -0.002 -1"><span class='ocrx_word' id='word_1_236' title='bbox 523 2646 886 2711; x_wconf 73' lang='lat' dir='ltr'><strong>volucris</strong></span> <span class='ocrx_word' id='word_1_237' title='bbox 947 2646 1148 2711; x_wconf 66' lang='lat' dir='ltr'><strong>dica.</strong></span> <span class='ocrx_word' id='word_1_238' title='bbox 1193 2641 1522 2709; x_wconf 87' lang='lat' dir='ltr'><strong>Vocabuli</strong></span> <span class='ocrx_word' id='word_1_239' title='bbox 1565 2640 1846 2707; x_wconf 86' lang='lat' dir='ltr'><strong>imitatio</strong></span> <span class='ocrx_word' id='word_1_240' title='bbox 1896 2642 2097 2709; x_wconf 89' lang='lat' dir='ltr'><strong>etiam</strong></span> <span class='ocrx_word' id='word_1_241' title='bbox 2142 2641 2211 2707; x_wconf 92' lang='lat' dir='ltr'><strong>iu</strong></span> <span class='ocrx_word' id='word_1_242' title='bbox 2256 2661 2318 2709; x_wconf 87' lang='lat' dir='ltr'><strong>v.</strong></span> <span class='ocrx_word' id='word_1_243' title='bbox 2369 2645 2491 2707; x_wconf 85' lang='lat'><strong>188</strong></span> <span class='ocrx_word' id='word_1_244' title='bbox 2538 2651 2753 2709; x_wconf 77' lang='lat' dir='ltr'><strong>certo</strong></span> <span class='ocrx_word' id='word_1_245' title='bbox 2824 2643 3077 2707; x_wconf 80' lang='lat' dir='ltr'><strong>veniunt</strong></span> <span class='ocrx_word' id='word_1_246' title='bbox 3120 2639 3339 2705; x_wconf 80' lang='lat' dir='ltr'><strong>ordine</strong></span> 
     </span>
     <span class='ocr_line' id='line_1_25' title="bbox 529 2746 3339 2828; baseline -0.001 -15"><span class='ocrx_word' id='word_1_247' title='bbox 529 2751 775 2813; x_wconf 80' lang='lat' dir='ltr'><strong>Parcae</strong></span> <span class='ocrx_word' id='word_1_248' title='bbox 850 2754 955 2815; x_wconf 90' lang='lat' dir='ltr'><strong>est</strong></span> <span class='ocrx_word' id='word_1_249' title='bbox 1031 2749 1272 2814; x_wconf 87' lang='lat' dir='ltr'><strong>collato</strong></span> <span class='ocrx_word' id='word_1_250' title='bbox 1361 2766 1508 2812; x_wconf 89' lang='lat' dir='ltr'><strong>cum</strong></span> <span class='ocrx_word' id='word_1_251' title='bbox 1581 2747 1740 2812; x_wconf 91' lang='lat' dir='ltr'><strong>Hor.</strong></span> <span class='ocrx_word' id='word_1_252' title='bbox 1817 2748 2004 2828; x_wconf 90' lang='lat' dir='ltr'><strong>epod.</strong></span> <span class='ocrx_word' id='word_1_253' title='bbox 2091 2750 2190 2811; x_wconf 89' lang='lat'><strong>13.</strong></span> <span class='ocrx_word' id='word_1_254' title='bbox 2275 2751 2355 2811; x_wconf 83' lang='lat'><strong>15</strong></span> <span class='ocrx_word' id='word_1_255' title='bbox 2402 2757 2616 2813; x_wconf 78' lang='lat' dir='ltr'><strong>certo</strong></span> <span class='ocrx_word' id='word_1_256' title='bbox 2688 2746 3023 2810; x_wconf 77' lang='lat' dir='ltr'><strong>subtemine</strong></span> <span class='ocrx_word' id='word_1_257' title='bbox 3098 2747 3339 2809; x_wconf 86' lang='lat' dir='ltr'><strong>Parcae</strong></span> 
     </span>
    </p>
   </div>
   <div class='ocr_carea' id='block_1_3' title="bbox 525 2850 3341 3039">
    <p class='ocr_par' dir='ltr' id='par_1_6' title="bbox 525 2850 3341 3039">
     <span class='ocr_line' id='line_1_26' title="bbox 532 2850 3341 2920; baseline -0.003 0"><span class='ocrx_word' id='word_1_258' title='bbox 532 2858 604 2920; x_wconf 89' lang='lat' dir='ltr'><strong>et</strong></span> <span class='ocrx_word' id='word_1_259' title='bbox 647 2852 934 2919; x_wconf 83' lang='lat' dir='ltr'><strong>fortasse</strong></span> <span class='ocrx_word' id='word_1_260' title='bbox 1009 2853 1078 2918; x_wconf 96' lang='lat' dir='ltr'><strong>in</strong></span> <span class='ocrx_word' id='word_1_261' title='bbox 1141 2873 1205 2919; x_wconf 89' lang='lat' dir='ltr'><strong>v.</strong></span> <span class='ocrx_word' id='word_1_262' title='bbox 1252 2855 1376 2917; x_wconf 89' lang='grc'><strong>198</strong></span> <span class='ocrx_word' id='word_1_263' title='bbox 1441 2873 1599 2915; x_wconf 85' lang='lat' dir='ltr'><strong>cana</strong></span> <span class='ocrx_word' id='word_1_264' title='bbox 1643 2862 1924 2915; x_wconf 81' lang='lat' dir='ltr'><strong>senectus</strong></span> <span class='ocrx_word' id='word_1_265' title='bbox 1969 2852 2211 2917; x_wconf 89' lang='lat' dir='ltr'><strong>collato</strong></span> <span class='ocrx_word' id='word_1_266' title='bbox 2288 2870 2435 2917; x_wconf 89' lang='lat' dir='ltr'><strong>cum</strong></span> <span class='ocrx_word' id='word_1_267' title='bbox 2495 2853 2655 2918; x_wconf 93' lang='lat' dir='ltr'><strong>Hor.</strong></span> <span class='ocrx_word' id='word_1_268' title='bbox 2702 2852 2755 2916; x_wconf 92' lang='lat' dir='ltr'><strong>I.</strong></span> <span class='ocrx_word' id='word_1_269' title='bbox 2834 2854 2891 2915; x_wconf 89' lang='lat'><strong>9.</strong></span> <span class='ocrx_word' id='word_1_270' title='bbox 2943 2853 3022 2914; x_wconf 86' lang='lat'><strong>17</strong></span> <span class='ocrx_word' id='word_1_271' title='bbox 3083 2850 3341 2913; x_wconf 84' lang='lat' dir='ltr'><strong>canities</strong></span> 
     </span>
     <span class='ocr_line' id='line_1_27' title="bbox 525 2954 2013 3039; baseline -0.001 -17"><span class='ocrx_word' id='word_1_272' title='bbox 525 2980 777 3022; x_wconf 76' lang='lat' dir='ltr'><strong>morosa</strong></span> <span class='ocrx_word' id='word_1_273' title='bbox 824 2961 894 3021; x_wconf 75' lang='lat' dir='ltr'><strong>et</strong></span> <span class='ocrx_word' id='word_1_274' title='bbox 936 2956 1061 3023; x_wconf 92' lang='lat' dir='ltr'>III.</span> <span class='ocrx_word' id='word_1_275' title='bbox 1109 2960 1209 3021; x_wconf 89' lang='lat'><strong>14.</strong></span> <span class='ocrx_word' id='word_1_276' title='bbox 1255 2959 1338 3020; x_wconf 82' lang='lat'><strong>25</strong></span> <span class='ocrx_word' id='word_1_277' title='bbox 1385 2954 1686 3019; x_wconf 73' lang='lat' dir='ltr'><strong>albescens</strong></span> <span class='ocrx_word' id='word_1_278' title='bbox 1730 2955 2013 3039; x_wconf 78' lang='lat' dir='ltr'><strong>capillus.</strong></span> 
     </span>
    </p>
   </div>
   <div class='ocr_carea' id='block_1_4' title="bbox 953 3216 2941 3539">
    <p class='ocr_par' dir='ltr' id='par_1_7' title="bbox 953 3216 2941 3539">
     <span class='ocr_line' id='line_1_28' title="bbox 1581 3216 2312 3300; baseline 0.001 -2"><span class='ocrx_word' id='word_1_279' title='bbox 1581 3216 1950 3300; x_wconf 84' lang='lat' dir='ltr'><strong>Hercules</strong></span> <span class='ocrx_word' id='word_1_280' title='bbox 2002 3216 2060 3298; x_wconf 87' lang='lat' dir='ltr'><strong>F</strong></span> <span class='ocrx_word' id='word_1_281' title='bbox 2062 3241 2312 3299; x_wconf 67' lang='lat' dir='ltr'><strong>urens</strong></span> 
     </span>
     <span class='ocr_line' id='line_1_29' title="bbox 953 3456 2941 3539; baseline -0.001 -15"><span class='ocrx_word' id='word_1_282' title='bbox 953 3459 1056 3525; x_wconf 91' lang='grc' dir='ltr'><strong>Π.</strong></span> <span class='ocrx_word' id='word_1_283' title='bbox 1108 3458 1577 3526; x_wconf 84' lang='lat' dir='ltr'><strong>canticum</strong></span> <span class='ocrx_word' id='word_1_284' title='bbox 1621 3457 2307 3539; x_wconf 78' lang='lat' dir='ltr'><strong>asclepiadeum</strong></span> <span class='ocrx_word' id='word_1_285' title='bbox 2353 3475 2434 3522; x_wconf 84' lang='lat' dir='ltr'><strong>v.</strong></span> <span class='ocrx_word' id='word_1_286' title='bbox 2486 3456 2941 3526; x_wconf 76' lang='lat'>524—591.</span> 
     </span>
    </p>
   </div>
   <div class='ocr_carea' id='block_1_5' title="bbox 531 3682 3351 4915">
    <p class='ocr_par' dir='ltr' id='par_1_8' title="bbox 531 3682 3351 4915">
     <span class='ocr_line' id='line_1_30' title="bbox 741 3682 3343 3765; baseline -0 -15"><span class='ocrx_word' id='word_1_287' title='bbox 741 3685 888 3750; x_wconf 92' lang='lat' dir='ltr'><strong>Hoc</strong></span> <span class='ocrx_word' id='word_1_288' title='bbox 936 3701 1202 3749; x_wconf 89' lang='lat' dir='ltr'><strong>carmen</strong></span> <span class='ocrx_word' id='word_1_289' title='bbox 1247 3682 1635 3748; x_wconf 88' lang='lat' dir='ltr'><strong>continuato</strong></span> <span class='ocrx_word' id='word_1_290' title='bbox 1667 3700 1869 3747; x_wconf 86' lang='lat' dir='ltr'><strong>versu</strong></span> <span class='ocrx_word' id='word_1_291' title='bbox 1917 3682 2334 3763; x_wconf 87' lang='lat' dir='ltr'><strong>asclepiadeo</strong></span> <span class='ocrx_word' id='word_1_292' title='bbox 2382 3683 2815 3764; x_wconf 88' lang='lat' dir='ltr'><strong>compositum</strong></span> <span class='ocrx_word' id='word_1_293' title='bbox 2862 3688 3091 3765; x_wconf 88' lang='lat' dir='ltr'><strong>partes</strong></span> <span class='ocrx_word' id='word_1_294' title='bbox 3135 3683 3343 3749; x_wconf 87' lang='lat' dir='ltr'><strong>habet</strong></span> 
     </span>
     <span class='ocr_line' id='line_1_31' title="bbox 539 3786 3339 3870; baseline -0 -16"><span class='ocrx_word' id='word_1_295' title='bbox 539 3790 727 3870; x_wconf 78' lang='lat' dir='ltr'><strong>duaS,</strong></span> <span class='ocrx_word' id='word_1_296' title='bbox 776 3806 1056 3868; x_wconf 86' lang='lat' dir='ltr'><strong>quarum</strong></span> <span class='ocrx_word' id='word_1_297' title='bbox 1103 3788 1322 3852; x_wconf 88' lang='lat' dir='ltr'><strong>altera</strong></span> <span class='ocrx_word' id='word_1_298' title='bbox 1353 3786 1698 3852; x_wconf 79' lang='lat' dir='ltr'><strong>Fortunae</strong></span> <span class='ocrx_word' id='word_1_299' title='bbox 1743 3787 2069 3853; x_wconf 86' lang='lat' dir='ltr'><strong>adversus</strong></span> <span class='ocrx_word' id='word_1_300' title='bbox 2114 3786 2412 3852; x_wconf 89' lang='lat' dir='ltr'><strong>homines</strong></span> <span class='ocrx_word' id='word_1_301' title='bbox 2458 3786 2666 3852; x_wconf 82' lang='lat' dir='ltr'><strong>fortes</strong></span> <span class='ocrx_word' id='word_1_302' title='bbox 2700 3787 2952 3853; x_wconf 88' lang='lat' dir='ltr'><strong>invidia</strong></span> <span class='ocrx_word' id='word_1_303' title='bbox 2996 3787 3339 3853; x_wconf 88' lang='lat' dir='ltr'><strong>laboribus</strong></span> 
     </span>
     <span class='ocr_line' id='line_1_32' title="bbox 537 3889 3341 3974; baseline -0 -16"><span class='ocrx_word' id='word_1_304' title='bbox 537 3891 873 3974; x_wconf 77' lang='lat' dir='ltr'><strong>HerculiS,</strong></span> <span class='ocrx_word' id='word_1_305' title='bbox 922 3891 1140 3957; x_wconf 87' lang='lat' dir='ltr'><strong>altera</strong></span> <span class='ocrx_word' id='word_1_306' title='bbox 1183 3890 1286 3956; x_wconf 90' lang='lat' dir='ltr'><strong>vis</strong></span> <span class='ocrx_word' id='word_1_307' title='bbox 1322 3890 1682 3956; x_wconf 88' lang='lat' dir='ltr'><strong>carminum</strong></span> <span class='ocrx_word' id='word_1_308' title='bbox 1729 3890 2029 3972; x_wconf 86' lang='lat' dir='ltr'><strong>exemplo</strong></span> <span class='ocrx_word' id='word_1_309' title='bbox 2063 3889 2313 3973; x_wconf 87' lang='lat' dir='ltr'><strong>Orphei</strong></span> <span class='ocrx_word' id='word_1_310' title='bbox 2357 3891 2752 3956; x_wconf 86' lang='lat' dir='ltr'><strong>illustratur.</strong></span> <span class='ocrx_word' id='word_1_311' title='bbox 2802 3889 3145 3956; x_wconf 82' lang='lat' dir='ltr'><strong>Canticum</strong></span> <span class='ocrx_word' id='word_1_312' title='bbox 3176 3910 3341 3957; x_wconf 87' lang='lat' dir='ltr'><strong>vero</strong></span> 
     </span>
     <span class='ocr_line' id='line_1_33' title="bbox 539 3993 3343 4081; baseline -0.001 -18"><span class='ocrx_word' id='word_1_313' title='bbox 539 3996 758 4079; x_wconf 90' lang='lat' dir='ltr'><strong>ipsum</strong></span> <span class='ocrx_word' id='word_1_314' title='bbox 803 3995 900 4062; x_wconf 86' lang='lat' dir='ltr'><strong>ita</strong></span> <span class='ocrx_word' id='word_1_315' title='bbox 944 3993 1267 4062; x_wconf 83' lang='lat' dir='ltr'><strong>instruxit</strong></span> <span class='ocrx_word' id='word_1_316' title='bbox 1299 3994 1574 4078; x_wconf 84' lang='lat' dir='ltr'><strong>Seneca,</strong></span> <span class='ocrx_word' id='word_1_317' title='bbox 1618 3997 1696 4060; x_wconf 90' lang='lat' dir='ltr'><strong>ut</strong></span> <span class='ocrx_word' id='word_1_318' title='bbox 1743 4013 1825 4060; x_wconf 87' lang='lat' dir='ltr'><strong>ex</strong></span> <span class='ocrx_word' id='word_1_319' title='bbox 1865 3994 2083 4061; x_wconf 90' lang='lat' dir='ltr'><strong>tribus</strong></span> <span class='ocrx_word' id='word_1_320' title='bbox 2130 3995 2263 4059; x_wconf 88' lang='lat' dir='ltr'><strong>illis</strong></span> <span class='ocrx_word' id='word_1_321' title='bbox 2310 3994 2393 4081; x_wconf 85' lang='grc' dir='ltr'><strong>(Ι.</strong></span> <span class='ocrx_word' id='word_1_322' title='bbox 2428 3998 2485 4077; x_wconf 90' lang='grc'><strong>1,</strong></span> <span class='ocrx_word' id='word_1_323' title='bbox 2533 3995 2659 4077; x_wconf 91' lang='grc' dir='ltr'><strong>ΙΙΙ,</strong></span> <span class='ocrx_word' id='word_1_324' title='bbox 2691 3997 2793 4078; x_wconf 88' lang='grc'><strong>30,</strong></span> <span class='ocrx_word' id='word_1_325' title='bbox 2819 3995 2936 4076; x_wconf 89' lang='lat' dir='ltr'><strong>IV,</strong></span> <span class='ocrx_word' id='word_1_326' title='bbox 2970 3996 3039 4081; x_wconf 89' lang='grc'><strong>8)</strong></span> <span class='ocrx_word' id='word_1_327' title='bbox 3072 3995 3343 4062; x_wconf 90' lang='lat' dir='ltr'><strong>Horatii</strong></span> 
     </span>
     <span class='ocr_line' id='line_1_34' title="bbox 533 4099 3340 4182; baseline -0 -16"><span class='ocrx_word' id='word_1_328' title='bbox 533 4100 940 4167; x_wconf 88' lang='lat' dir='ltr'><strong>carminibus</strong></span> <span class='ocrx_word' id='word_1_329' title='bbox 971 4118 1091 4182; x_wconf 89' lang='lat' dir='ltr'><strong>per</strong></span> <span class='ocrx_word' id='word_1_330' title='bbox 1122 4104 1422 4182; x_wconf 85' lang='lat' dir='ltr'><strong>systema</strong></span> <span class='ocrx_word' id='word_1_331' title='bbox 1453 4099 1942 4181; x_wconf 86' lang='lat' dir='ltr'><strong>asclepiadeum</strong></span> <span class='ocrx_word' id='word_1_332' title='bbox 1975 4099 2255 4180; x_wconf 91' lang='lat' dir='ltr'><strong>primum</strong></span> <span class='ocrx_word' id='word_1_333' title='bbox 2288 4100 2665 4180; x_wconf 90' lang='lat' dir='ltr'><strong>compositis</strong></span> <span class='ocrx_word' id='word_1_334' title='bbox 2698 4099 2786 4181; x_wconf 90' lang='lat' dir='ltr'><strong>id,</strong></span> <span class='ocrx_word' id='word_1_335' title='bbox 2835 4102 3011 4179; x_wconf 87' lang='lat' dir='ltr'><strong>quod</strong></span> <span class='ocrx_word' id='word_1_336' title='bbox 3042 4105 3340 4166; x_wconf 83' lang='lat' dir='ltr'><strong>extremo</strong></span> 
     </span>
     <span class='ocr_line' id='line_1_35' title="bbox 533 4203 3342 4287; baseline -0.001 -16"><span class='ocrx_word' id='word_1_337' title='bbox 533 4203 1020 4271; x_wconf 88' lang='lat' dir='ltr'><strong>nominavimus</strong></span> <span class='ocrx_word' id='word_1_338' title='bbox 1065 4203 1231 4283; x_wconf 92' lang='lat' dir='ltr'><strong>loco,</strong></span> <span class='ocrx_word' id='word_1_339' title='bbox 1281 4203 1650 4285; x_wconf 88' lang='lat' dir='ltr'><strong>adhiberet,</strong></span> <span class='ocrx_word' id='word_1_340' title='bbox 1713 4206 1889 4269; x_wconf 91' lang='lat' dir='ltr'><strong>unde</strong></span> <span class='ocrx_word' id='word_1_341' title='bbox 1957 4204 2359 4271; x_wconf 88' lang='lat' dir='ltr'><strong>sententiam</strong></span> <span class='ocrx_word' id='word_1_342' title='bbox 2405 4204 2685 4269; x_wconf 87' lang='lat' dir='ltr'><strong>alterius</strong></span> <span class='ocrx_word' id='word_1_343' title='bbox 2748 4203 2962 4285; x_wconf 88' lang='lat' dir='ltr'><strong>partis</strong></span> <span class='ocrx_word' id='word_1_344' title='bbox 3030 4211 3342 4287; x_wconf 88' lang='lat' dir='ltr'><strong>sumeret,</strong></span> 
     </span>
     <span class='ocr_line' id='line_1_36' title="bbox 533 4306 3342 4394; baseline -0 -19"><span class='ocrx_word' id='word_1_345' title='bbox 533 4327 668 4390; x_wconf 86' lang='lat' dir='ltr'><strong>qua</strong></span> <span class='ocrx_word' id='word_1_346' title='bbox 714 4326 992 4389; x_wconf 86' lang='lat' dir='ltr'><strong>poeseos</strong></span> <span class='ocrx_word' id='word_1_347' title='bbox 1040 4308 1143 4374; x_wconf 85' lang='lat' dir='ltr'><strong>vis</strong></span> <span class='ocrx_word' id='word_1_348' title='bbox 1193 4306 1688 4373; x_wconf 86' lang='lat' dir='ltr'><strong>describeretur</strong></span> <span class='ocrx_word' id='word_1_349' title='bbox 1732 4307 2161 4394; x_wconf 80' lang='lat'>(569-591).</span> <span class='ocrx_word' id='word_1_350' title='bbox 2224 4308 2519 4373; x_wconf 89' lang='lat' dir='ltr'><strong>Imitatio</strong></span> <span class='ocrx_word' id='word_1_351' title='bbox 2588 4326 2745 4375; x_wconf 86' lang='lat' dir='ltr'><strong>vero</strong></span> <span class='ocrx_word' id='word_1_352' title='bbox 2791 4308 3164 4374; x_wconf 84' lang='lat' dir='ltr'><strong>Horatiana</strong></span> <span class='ocrx_word' id='word_1_353' title='bbox 3210 4327 3342 4375; x_wconf 91' lang='lat' dir='ltr'><strong>non</strong></span> 
     </span>
     <span class='ocr_line' id='line_1_37' title="bbox 533 4411 3346 4495; baseline -0.001 -14"><span class='ocrx_word' id='word_1_354' title='bbox 533 4414 748 4481; x_wconf 88' lang='lat' dir='ltr'><strong>solum</strong></span> <span class='ocrx_word' id='word_1_355' title='bbox 793 4430 877 4478; x_wconf 87' lang='lat' dir='ltr'><strong>ex</strong></span> <span class='ocrx_word' id='word_1_356' title='bbox 922 4411 1242 4479; x_wconf 86' lang='lat' dir='ltr'><strong>universa</strong></span> <span class='ocrx_word' id='word_1_357' title='bbox 1307 4411 1551 4478; x_wconf 88' lang='lat' dir='ltr'><strong>cantici</strong></span> <span class='ocrx_word' id='word_1_358' title='bbox 1617 4413 1974 4495; x_wconf 88' lang='lat' dir='ltr'><strong>sententia,</strong></span> <span class='ocrx_word' id='word_1_359' title='bbox 2040 4432 2234 4495; x_wconf 89' lang='lat' dir='ltr'><strong>quam</strong></span> <span class='ocrx_word' id='word_1_360' title='bbox 2280 4413 2561 4479; x_wconf 87' lang='lat' dir='ltr'><strong>Horatio</strong></span> <span class='ocrx_word' id='word_1_361' title='bbox 2629 4414 2830 4479; x_wconf 90' lang='lat' dir='ltr'><strong>debet</strong></span> <span class='ocrx_word' id='word_1_362' title='bbox 2888 4412 3161 4495; x_wconf 85' lang='lat' dir='ltr'><strong>Seneca,</strong></span> <span class='ocrx_word' id='word_1_363' title='bbox 3226 4414 3346 4478; x_wconf 87' lang='lat' dir='ltr'><strong>sed</strong></span> 
     </span>
     <span class='ocr_line' id='line_1_38' title="bbox 537 4516 3347 4598; baseline -0 -15"><span class='ocrx_word' id='word_1_364' title='bbox 537 4518 744 4593; x_wconf 83' lang='lat' dir='ltr'><strong>etiam</strong></span> <span class='ocrx_word' id='word_1_365' title='bbox 790 4536 874 4583; x_wconf 86' lang='lat' dir='ltr'><strong>ex</strong></span> <span class='ocrx_word' id='word_1_366' title='bbox 919 4516 1220 4598; x_wconf 88' lang='lat' dir='ltr'><strong>plurimis</strong></span> <span class='ocrx_word' id='word_1_367' title='bbox 1269 4516 1716 4584; x_wconf 88' lang='lat' dir='ltr'><strong>locutionibus</strong></span> <span class='ocrx_word' id='word_1_368' title='bbox 1784 4536 1868 4583; x_wconf 87' lang='lat' dir='ltr'><strong>ex</strong></span> <span class='ocrx_word' id='word_1_369' title='bbox 1912 4518 2180 4585; x_wconf 85' lang='lat' dir='ltr'><strong>Horatii</strong></span> <span class='ocrx_word' id='word_1_370' title='bbox 2226 4518 2368 4585; x_wconf 87' lang='lat' dir='ltr'><strong>sive</strong></span> <span class='ocrx_word' id='word_1_371' title='bbox 2416 4517 2834 4583; x_wconf 86' lang='lat' dir='ltr'><strong>Carminibus</strong></span> <span class='ocrx_word' id='word_1_372' title='bbox 2898 4516 3042 4584; x_wconf 84' lang='lat' dir='ltr'><strong>sive</strong></span> <span class='ocrx_word' id='word_1_373' title='bbox 3089 4516 3347 4598; x_wconf 88' lang='lat' dir='ltr'><strong>Epodis</strong></span> 
     </span>
     <span class='ocr_line' id='line_1_39' title="bbox 535 4620 3347 4706; baseline -0.002 -16"><span class='ocrx_word' id='word_1_374' title='bbox 535 4622 906 4704; x_wconf 86' lang='lat' dir='ltr'><strong>desumptis</strong></span> <span class='ocrx_word' id='word_1_375' title='bbox 966 4621 1411 4705; x_wconf 83' lang='lat' dir='ltr'><strong>cognoscitur.</strong></span> <span class='ocrx_word' id='word_1_376' title='bbox 1479 4620 1626 4704; x_wconf 83' lang='lat' dir='ltr'><strong>Qua</strong></span> <span class='ocrx_word' id='word_1_377' title='bbox 1688 4625 1756 4687; x_wconf 90' lang='lat' dir='ltr'><strong>in</strong></span> <span class='ocrx_word' id='word_1_378' title='bbox 1812 4641 1888 4688; x_wconf 91' lang='lat' dir='ltr'><strong>re</strong></span> <span class='ocrx_word' id='word_1_379' title='bbox 1936 4622 2200 4706; x_wconf 87' lang='lat' dir='ltr'><strong>accidit,</strong></span> <span class='ocrx_word' id='word_1_380' title='bbox 2246 4630 2323 4689; x_wconf 91' lang='lat' dir='ltr'><strong>ut</strong></span> <span class='ocrx_word' id='word_1_381' title='bbox 2368 4622 2455 4704; x_wconf 93' lang='lat' dir='ltr'><strong>id,</strong></span> <span class='ocrx_word' id='word_1_382' title='bbox 2524 4624 2698 4701; x_wconf 90' lang='lat' dir='ltr'><strong>quod</strong></span> <span class='ocrx_word' id='word_1_383' title='bbox 2764 4640 2892 4688; x_wconf 92' lang='lat' dir='ltr'><strong>uuo</strong></span> <span class='ocrx_word' id='word_1_384' title='bbox 2956 4622 3067 4689; x_wconf 88' lang='lat' dir='ltr'><strong>vel</strong></span> <span class='ocrx_word' id='word_1_385' title='bbox 3111 4621 3347 4702; x_wconf 88' lang='lat' dir='ltr'><strong>paucis</strong></span> 
     </span>
     <span class='ocr_line' id='line_1_40' title="bbox 531 4724 3351 4810; baseline -0.003 -13"><span class='ocrx_word' id='word_1_386' title='bbox 531 4728 758 4797; x_wconf 84' lang='lat' dir='ltr'><strong>verbis</strong></span> <span class='ocrx_word' id='word_1_387' title='bbox 792 4728 1116 4793; x_wconf 86' lang='lat' dir='ltr'><strong>Horatius</strong></span> <span class='ocrx_word' id='word_1_388' title='bbox 1166 4726 1355 4810; x_wconf 85' lang='lat' dir='ltr'><strong>dixit,</strong></span> <span class='ocrx_word' id='word_1_389' title='bbox 1401 4745 1892 4807; x_wconf 89' lang='lat' dir='ltr'><strong>nonnumquam</strong></span> <span class='ocrx_word' id='word_1_390' title='bbox 1922 4727 2181 4793; x_wconf 85' lang='lat' dir='ltr'><strong>Seneca</strong></span> <span class='ocrx_word' id='word_1_391' title='bbox 2224 4726 2451 4794; x_wconf 87' lang='lat' dir='ltr'><strong>verbis</strong></span> <span class='ocrx_word' id='word_1_392' title='bbox 2485 4724 2841 4792; x_wconf 88' lang='lat' dir='ltr'><strong>extolleret</strong></span> <span class='ocrx_word' id='word_1_393' title='bbox 2888 4731 2974 4809; x_wconf 89' lang='lat' dir='ltr'><strong>et,</strong></span> <span class='ocrx_word' id='word_1_394' title='bbox 3022 4744 3151 4805; x_wconf 87' lang='lat' dir='ltr'><strong>qua</strong></span> <span class='ocrx_word' id='word_1_395' title='bbox 3197 4730 3351 4790; x_wconf 87' lang='lat' dir='ltr'><strong>erat</strong></span> 
     </span>
     <span class='ocr_line' id='line_1_41' title="bbox 531 4831 3349 4915; baseline -0.002 -16"><span class='ocrx_word' id='word_1_396' title='bbox 531 4832 606 4899; x_wconf 90' lang='lat' dir='ltr'><strong>in</strong></span> <span class='ocrx_word' id='word_1_397' title='bbox 650 4834 854 4897; x_wconf 88' lang='lat' dir='ltr'><strong>rebus</strong></span> <span class='ocrx_word' id='word_1_398' title='bbox 903 4831 1359 4898; x_wconf 89' lang='lat' dir='ltr'><strong>describendis</strong></span> <span class='ocrx_word' id='word_1_399' title='bbox 1408 4832 1740 4915; x_wconf 86' lang='lat' dir='ltr'><strong>ubertate,</strong></span> <span class='ocrx_word' id='word_1_400' title='bbox 1785 4832 2106 4915; x_wconf 86' lang='lat' dir='ltr'><strong>exemplis</strong></span> <span class='ocrx_word' id='word_1_401' title='bbox 2154 4833 2574 4897; x_wconf 89' lang='lat' dir='ltr'><strong>abundanter</strong></span> <span class='ocrx_word' id='word_1_402' title='bbox 2617 4837 2921 4915; x_wconf 76' lang='lat' dir='ltr'><strong>augeret,</strong></span> <span class='ocrx_word' id='word_1_403' title='bbox 2967 4848 3162 4910; x_wconf 85' lang='lat' dir='ltr'><strong>quam</strong></span> <span class='ocrx_word' id='word_1_404' title='bbox 3206 4848 3349 4894; x_wconf 89' lang='lat' dir='ltr'><strong>rem</strong></span> 
     </span>
    </p>
   </div>
  </div>
 </body>
</html>
