3759 5400
1721 213 1808 221 -
1897 179 1937 238 4
2029 212 2106 222 .-

518 349 588 415 in
633 349 758 414 hoc
791 347 1050 415 cantico
1080 347 1300 415 tribus
1334 349 1466 415 illis
1515 348 1964 414 celeberrimis
1996 347 2263 414 Horatii
2309 347 2689 413 sententiis:
2737 350 2818 413 de
2865 347 3009 414 vita
3041 347 3321 414 divitum

521 453 1037 533 haudquaquam
1082 454 1283 518 beata
1330 457 1398 518 et
1429 455 1510 518 de
1540 452 1841 518 bonitate
1874 451 2056 518 vitae
2092 454 2414 518 obscurae
2456 471 2535 517 ac
2566 451 2989 534 tranquillae,
3038 450 3321 531 denique

522 559 603 622 de
652 562 866 623 morte
913 558 1335 623 abundanter
1381 575 1572 622 usum
1619 574 1767 622 esse
1813 557 2213 638 reppereris.
2271 554 2413 638 Quo
2462 561 2683 621 autem
2728 555 2991 622 facilius
3036 555 3323 621 imitatio

519 661 892 727 Horatiana
945 660 1408 744 perspiciatur,
1472 660 1817 726 materiam
1882 663 2244 727 secundum
2308 665 2447 726 tres
2494 660 2644 726 illas
2696 660 3067 727 sententias
3102 660 3323 726 distri·

520 767 752 831 butam
797 767 1102 832 tractabo
1149 765 1264 844 ita,
1313 770 1410 848 ut,
1457 770 1777 846 quantum
1821 764 1969 830 fieri
2013 765 2248 846 possit,
2310 765 2593 845 primum
2640 765 3034 847 sententiaS,
3081 764 3320 830 deinde

523 871 878 936 verborum
946 869 1464 952 coniunctioneS,
1546 874 1877 951 postremo
1946 868 2244 953 singulas
2318 887 2536 950 voceS,
2624 887 2787 948 quas
2854 869 3145 934 Flaccus
3212 870 3322 933 ad-

522 973 816 1039 hibuerit
881 993 1178 1055 quasque
1235 975 1553 1041 Annaeus
1618 974 1919 1040 imitatus
1968 972 2075 1056 sit,
2142 974 2371 1039 ordine
2438 992 2777 1054 exponam.
2847 973 2977 1040 Sed
3042 973 3171 1037 iam
3239 973 3324 1036 ad

523 1077 923 1144 sententiam
955 1081 1036 1144 de
1065 1079 1208 1146 vita
1240 1078 1535 1160 divitum,
1569 1083 1979 1160 quantopere
2014 1077 2269 1144 Seneca
2302 1097 2381 1144 ea
2413 1097 2571 1143 usus
2604 1077 2711 1159 sit,
2744 1077 3323 1143 demonstrandam

523 1184 932 1248 accedamus.

727 1286 966 1367 Itaque
1035 1287 1340 1354 Versibus
1407 1289 1752 1351 162-163
1815 1310 1953 1370 spes
2016 1288 2309 1350 immanes
2371 1285 2629 1348 urbibus
2692 1295 2904 1348 errant
2970 1283 3324 1368 trepidique

516 1401 731 1470 metus,
781 1391 1019 1471 quibus
1066 1410 1306 1474 magna
1347 1390 1704 1456 similitudo
1751 1391 2124 1456 sententiae
2197 1396 2301 1455 est
2347 1409 2492 1454 cum
2541 1389 2699 1454 Hor.
2766 1387 2955 1468 epist.
3008 1387 3097 1452 II.
3131 1390 3188 1451 2.
3221 1390 3322 1465 85,

513 1495 806 1575 fluctibus
851 1498 917 1559 in
962 1496 1184 1560 mediis
1229 1506 1284 1559 et
1328 1495 1794 1581 tempestatibus
1839 1495 2034 1569 urbis,
2081 1494 2381 1560 breviter
2443 1493 2718 1558 attactis
2774 1492 3017 1574 primos
3064 1508 3325 1570 VersuS,

523 1599 762 1678 quibus
811 1599 1080 1664 ambitio
1129 1598 1522 1682 castigatur,
1585 1598 2032 1681 inspiciamus,
2076 1599 2153 1663 V.
2208 1600 2543 1663 169—171
2612 1598 2790 1660 illum
2850 1595 3079 1681 populi
3122 1594 3324 1679 favor

520 1705 851 1766 attonitum
864 1703 1184 1786 fluctuque
1203 1705 1408 1789 maqie
1424 1705 1723 1768 mobile
1739 1707 2034 1785 vulqus
2055 1739 2132 1750 ———
2160 1727 2324 1766 aura
2356 1703 2667 1764 tumidum
2698 1704 2910 1766 tollit
2926 1701 3109 1763 inani
3136 1717 3323 1779 prae·

519 1812 720 1873 eunte
770 1807 1107 1891 Zingerlio
1157 1812 1224 1872 et
1281 1808 1620 1873 sententia
1681 1811 1750 1872 et
1804 1808 2157 1873 verborum
2221 1806 2683 1872 coniunctione
2747 1804 2994 1870 similes
3056 1801 3323 1868 invenio

518 1912 678 1976 Hor.
713 1911 765 1976 Ι.
798 1915 854 1976 1.
888 1914 926 1975 7
959 1915 1120 1975 hunc
1148 1914 1208 1974 ei
1233 1914 1623 1976 mobilior
1651 1914 1897 1976 turba
1942 1912 2291 1985 Quiritium
2329 1949 2401 1957 —
2440 1921 2635 1974 certat
2664 1910 3014 1995 teryeminis
3045 1910 3325 1971 tollere

517 2017 873 2080 honoribus.
939 2015 1163 2093 Atque
1230 2015 1668 2080 Horatianam
1736 2017 2093 2080 verborum
2156 2013 2682 2080 coniunctionem
2749 2012 2874 2079 sibi
2930 2010 3208 2076 indulsit
3256 2016 3325 2074 et

520 2116 950 2200 amplificavit
995 2138 1058 2186 v.
1109 2121 1452 2184 164—2165
1501 2119 1602 2182 ille
1631 2122 2022 2200 superbos
2054 2121 2337 2184 aditus
2364 2138 2659 2200 remim
2693 2155 2766 2164 —
2802 2118 3125 2201 durasque
3135 2115 3324 2199 fores

521 2247 742 2306 empers
785 2224 990 2285 somni
1039 2259 1110 2268 -
1164 2221 1304 2286 colit
1335 2241 1418 2288 ex
1447 2223 1608 2288 Hor.
1643 2224 1829 2304 epod.
1867 2227 1925 2305 2,
1974 2227 2142 2288 7—8
2190 2223 2463 2288 Badeno
2510 2225 2922 2286 monstrante
2967 2220 3323 2301 superba

520 2330 834 2394 civium
851 2329 1422 2408 potentiomim
1454 2329 1764 2392 limina
1795 2332 1863 2392 et
1892 2326 2133 2392 ibidem
2162 2326 2385 2393 verbis
2402 2327 2753 2410 forumque
2768 2328 2945 2402 vitat,
2982 2342 3151 2404 quae
3172 2321 3322 2387 Mit-

521 2430 950 2496 scherlichius
980 2430 1049 2494 in
1074 2430 1362 2496 editione
1394 2430 1660 2496 Horatii
1689 2432 1858 2496 bene
1894 2437 2231 2512 comparat
2266 2449 2409 2496 cum
2441 2431 2734 2496 Senecae
2767 2449 2826 2496 v.
2862 2430 3203 2494 172—174
3228 2425 3326 2489 hii:

519 2536 780 2598 clamosi
819 2535 1072 2598 rabiosa
1101 2537 1257 2619 fori
1294 2571 1380 2582 -——
1426 2516 1644 2621 iuryia
1688 2535 1950 2599 vendens
1993 2537 2313 2621 improbus
2375 2539 2511 2598 iras
2557 2547 2611 2598 et
2674 2534 2858 2596 verba
2909 2535 3067 2597 locat
3129 2529 3323 2596 nimis

520 2639 1036 2705 luxuriantibus,
1101 2639 1369 2705 Pariter
1413 2640 1728 2706 Badenus
1794 2644 1863 2704 in
1913 2639 2200 2705 editione
2251 2639 2541 2720 Senecae
2590 2638 3081 2720 tragoediarum
3133 2637 3217 2701 ad
3264 2653 3323 2700 v.

521 2748 864 2810 166-167
914 2746 1013 2807 hic
1059 2744 1225 2807 nullo
1255 2745 1389 2827 fine
1434 2744 1648 2808 beatas
1695 2782 1774 2792 -—-
1825 2747 2132 2829 componit
2178 2766 2323 2829 opes
2362 2746 2553 2829 quavis,
2601 2744 2853 2806 inhians
2899 2740 3130 2807 attulit
3160 2740 3320 2805 Hor.

519 2849 570 2914 I.
622 2852 725 2914 29.
807 2853 838 2912 1
909 2848 1106 2912 beatis
1179 2872 1340 2912 nunc
1405 2850 1691 2912 Arabum
1766 2849 2012 2912 invides
2080 2852 2253 2934 yazis
2328 2850 2500 2926 quod
2577 2847 2962 2927 exemplum,
3046 2845 3105 2909 si
3179 2843 3323 2908 fieri

518 2956 765 3034 posset,
845 2951 1022 3016 inter
1103 2952 1504 3018 imitationes
1583 2952 1995 3035 singularum
2075 2971 2307 3018 vocum
2394 2953 2713 3017 adnotare
2808 2950 3082 3015 mallem.
3176 2947 3324 3012 Zin-

519 3056 768 3141 gerlius
833 3060 1016 3121 r'ecte
1082 3062 1420 3137 comparat
1474 3057 1632 3122 Hor.
1699 3062 1825 3122 sat.
1890 3056 1945 3123 Ι.
2014 3060 2069 3121 1.
2117 3058 2201 3122 70
2265 3059 2563 3142 conyestis
2625 3056 2899 3139 undique
2963 3056 3163 3118 saccis
3230 3054 3323 3115 in-

519 3161 758 3226 dormis
803 3161 1074 3224 inhians.
1123 3160 1437 3226 Badenus
1494 3179 1756 3244 versus,
1802 3162 1916 3241 qui
1962 3160 2281 3243 sequitur,
2349 3160 2722 3226 sententiae
2786 3161 2909 3224 168
2955 3170 3010 3223 et
3055 3170 3324 3242 conqesto

491 3253 496 3259 ’
520 3262 783 3351 pauper
810 3268 878 3329 in
927 3288 1089 3328 auro
1136 3269 1474 3330 auctorem
1537 3266 1706 3332 dixit
1750 3271 1935 3331 recte
1994 3266 2345 3331 Horatium
2406 3265 2529 3330 III.
2578 3268 2677 3329 16.
2726 3268 2805 3328 28
2852 3286 3113 3349 magnas
3160 3265 3322 3325 inter

521 3395 664 3457 opes
710 3373 909 3454 inops.

724 3473 1073 3552 VersibuS,
1120 3474 1233 3553 qui
1279 3478 1652 3553 sequuntur
1699 3475 2065 3546 174-178,
2114 3473 2430 3537 Annaeus
2497 3490 2657 3537 vere
2704 3490 2987 3551 aequum
3035 3470 3317 3535 animum

520 3598 597 3645 ac
643 3580 938 3661 quietum
984 3596 1116 3643 non
1160 3577 1288 3642 nisi
1335 3579 1419 3641 ab
1466 3577 1567 3658 iis,
1615 3577 1727 3655 qui
1775 3576 1916 3643 vita
1964 3580 2100 3640 tam
2146 3576 2333 3640 brevi
2379 3574 2542 3640 laeti
2587 3574 2925 3657 fruantur,
2993 3573 3322 3655 possideri

522 3688 862 3748 canentem
936 3684 1204 3747 chorum
1267 3680 1540 3762 inducit,
1625 3699 1818 3759 quam
1885 3680 2284 3744 sententiam
2346 3698 2543 3744 unam
2612 3698 2693 3743 ex
2756 3676 3320 3759 frequentissimis

519 3787 914 3852 Horatianis
963 3804 1108 3851 esse
1157 3804 1346 3851 nemo
1393 3785 1679 3866 ignorat.
1748 3784 1999 3847 Tamen
2048 3802 2129 3847 ex
2175 3788 2365 3849 tanta
2413 3783 2720 3848 similium
2765 3784 3058 3848 locorum
3106 3782 3320 3846 multi-

520 3892 754 3957 tudine
800 3892 976 3955 hunc
1023 3890 1318 3955 Senecae
1364 3890 1579 3954 locum
1626 3907 1755 3953 non
1800 3887 1933 3951 nisi
1980 3906 2061 3952 ex
2108 3888 2267 3953 Hor.
2315 3888 2366 3953 1.
2416 3891 2515 3952 11.
2564 3890 2732 3952 7-8
2791 3891 3124 3967 sumptum
3173 3905 3318 3951 esse

519 4012 910 4078 persuasum
954 3995 1184 4059 habeo.

729 4101 885 4165 Hor.
932 4098 984 4163 I.
1035 4101 1138 4163 11.
1188 4100 1355 4161 7—8
1404 4098 1554 4158 dum
1602 4096 1929 4181 loquimur,
1961 4096 2217 4181 fuqerit
2263 4097 2481 4159 invida
2528 4108 2700 4160 aetas
2747 4096 2877 4180 (a);
2924 4118 3112 4179 carpe
3158 4095 3316 4157 diem

519 4228 704 4290 quam
750 4206 1076 4267 minimum
1122 4194 1660 4285 credula*postero
1712 4200 1826 4284 (β).

729 4308 878 4374 Sen.
937 4328 998 4375 V.
1065 4309 1406 4372 174--178
1469 4304 1639 4368 novit
1671 4328 1917 4388 paucos
1960 4342 2047 4351 —-—
2090 4328 2308 4369 secura
2353 4308 2544 4389 quiec,
2608 4308 2719 4390 qui
2758 4304 2981 4369 velocis
3023 4325 3325 4367 memores

517 4416 661 4479 clevi
701 4425 984 4499 tempora
1028 4434 1367 4494 numquam
1412 4446 1498 4457 --
1540 4409 1832 4473 reditura
1898 4418 2098 4473 tenent
2155 4408 2273 4495 (a).
2324 4410 2501 4473 Dum
2530 4410 2690 4495 fata
2751 4413 2965 4473 sinunt
3011 4446 3095 4455 —
3139 4410 3325 4473 vivite

517 4522 672 4593 laeti
717 4518 839 4604 (β).

725 4625 1010 4689 Praeter
1056 4641 1117 4687 v.
1167 4623 1314 4702 178,
1381 4637 1510 4699 quo
1558 4622 1756 4701 poeta
1821 4620 1906 4683 ad
1954 4618 2160 4684 vitam
2212 4638 2359 4685 cum
2404 4619 2751 4700 voluptate
2816 4619 3164 4685 fruendam
3212 4621 3320 4683 ad-

514 4730 842 4812 hortatur,
889 4726 1080 4793 multi
1126 4729 1282 4791 sunt
1327 4725 1506 4807 apud
1535 4721 1890 4789 Horatium
1923 4724 2171 4789 similes
2205 4725 2418 4791 veluti
2464 4724 2514 4788 Ι.
2562 4728 2617 4788 7.
2682 4727 2762 4788 17
2816 4728 2907 4789 sic
2954 4736 3023 4789 tu
3068 4726 3320 4808 sapiens

497 4834 695 4915 finire
770 4845 1091 4897 memento-
1140 4869 1219 4879 —
1297 4829 1626 4893 tristitiam
1699 4829 1984 4914 vitaeque
2061 4830 2300 4895 labores
2374 4867 2459 4876 —
2532 4829 2719 4905 molli,
2801 4832 3038 4905 Plance,
3116 4850 3283 4892 mero
3298 4853 3324 4907 ,-
