3759 5400
1722 218 2154 280 ...36—

742 392 916 458 Item
980 410 1218 460 versus
1285 394 1652 471 348—354,
1716 391 1892 470 quod
1954 389 2083 454 iam
2134 389 2417 454 retentis
2465 388 2723 455 urbium
2770 389 3143 455 nominibus
3176 407 3325 454 con-

535 496 838 563 firmatur
885 497 924 582 (
915 497 1084 577 ades,
1131 519 1166 560 o
1210 497 1442 580 mayni,
1491 517 1670 558 soror
1713 505 1768 556 et
1799 495 2085 569 coniunae,
2124 531 2199 540 —
2234 517 2480 558 consors
2522 497 2769 580 sceptri,
2810 533 2881 542 —-
2932 495 3109 580 reyia
3139 495 3329 558 Iuno.-

534 613 643 664 tua
672 612 728 666 te
759 600 1017 666 coli-mus
1044 638 1132 649 —
1163 601 1346 664 turba
1371 602 1792 680 Mycenae.
1824 633 1909 645 -—-
1944 599 2041 660 Tu
2068 597 2375 662 solicitum
2404 599 2784 684 suppleoeque
2824 602 2920 661 tui
2945 599 3331 662 *numinis

532 709 797 788 Aryos
839 745 923 752 —
969 705 1102 770 sola
1172 704 1395 788 tueris)
1464 702 1869 786 amplificati
1910 707 2066 768 sunt
2140 722 2223 767 ex
2284 703 2443 768 Hor.
2506 702 2558 767 Ι.
2625 707 2682 769 7.
2730 705 2943 770 9--10
2992 701 3323 766 Plurimus

537 814 608 873 in
665 812 923 876 Iunonis
987 812 1213 874 honore
1277 847 1359 856 -
1436 821 1648 894 aptum
1693 809 1850 872 dicet
1896 809 2069 893 equis
2114 811 2375 889 Aryos
2427 809 2699 892 ditesque
2746 810 3164 898 Mycena-3.

3055 917 3113 976 1.

741 1021 999 1087 Deinde
1064 1022 1148 1085 ad
1223 1040 1283 1086 V.
1363 1023 1700 1086 369—371
1781 1016 2017 1082 incluta
2092 1016 2331 1093 Pallas,
2430 1055 2497 1064 -——
2596 1040 2751 1100 quae
2826 1019 3327 1082 Dardanias

667 1130 723 1190 3.
1029 1129 1088 1189 2.
1593 1131 1656 1190 4.

534 1233 873 1310 cuspide
915 1239 1192 1296 turres
1253 1253 1436 1315 saepe
1477 1231 1759 1310 petisti
1808 1227 2051 1309 optime
2079 1223 2455 1310 Zingerlius
2503 1228 2733 1292 attulit
2757 1246 2990 1293 versus
3024 1229 3184 1293 Hor.
3217 1227 3331 1292 IV.

1986 1395 1991 1400 .
2300 1337 2357 1396 1.
2534 1361 2539 1364 ·
2717 1336 2776 1396 2.
3092 1337 3151 1396 4.

537 1444 597 1508 6.
647 1443 814 1505 7-8
865 1439 1031 1504 mira
1075 1438 1506 1506 similitudine
1555 1440 2049 1504 consentientes
2096 1441 2561 1503 Dardanas
2625 1445 2898 1502 tum-es
2963 1445 3333 1517 quateret

1157 1547 1214 1609 3.

534 1652 852 1714 tremenda
899 1687 984 1698 -
1031 1651 1370 1730 cuspide
1403 1670 1716 1746 pityunte..
1996 1717 2003 1723 ..

737 1755 980 1820 Mirum
1023 1755 1094 1819 in
1149 1755 1406 1819 modum
1453 1753 1710 1818 Seneca
1756 1771 1929 1820 vers.
1979 1756 2343 1834 382-385,
2388 1751 2629 1831 quibus
2675 1751 2895 1817 Diana
2940 1749 3331 1831 appellatio—

532 1860 726 1925 nibus
794 1859 1063 1926 Triviae
1129 1858 1554 1924 etLucinae
1611 1863 1910 1939 vocatur,
1977 1860 2313 1922 consentit
2378 1862 2447 1922 et
2511 1875 2657 1920 cum
2720 1855 3003 1920 Horatio
3050 1855 3176 1920 111.
3226 1856 3331 1917 22.

536 1968 704 2029 1-4
753 1969 822 2028 et
867 1983 1014 2029 cum
1060 1964 1316 2030 Catallo
1365 1967 1465 2028 34.
1518 1965 1792 2027 13-16.

1705 2072 1738 2131 1

741 2174 895 2240 Seu.
944 2176 1286 2238 382-385
1333 2184 1388 2236 et
1433 2183 1488 2236 te
1534 2174 1913 2236 Triviaon
1967 2182 2111 2236 nota
2176 2194 2472 2236 nzemores
2524 2209 2595 2216 -—
2647 2193 2791 2240 voce
2847 2192 3215 2256 precamur:
3248 2206 3334 2216 --

1924 2279 1981 2340 2.
2086 2299 2093 2304 ·

531 2395 600 2447 tu
655 2395 1002 2447 maternam
1070 2359 1286 2446 sistere
1345 2357 1569 2463 Delon,
1631 2419 1713 2428 —-
1778 2383 2124 2464 meina,
2180 2382 2384 2463 iubes,-
2450 2379 2691 2445 catull.
2764 2383 2865 2444 34.
2921 2381 3177 2444 13-16
3236 2377 3332 2440 Tu

2240 2509 2243 2514 .
2799 2488 2856 2549 1.

529 2595 882 2670 ,Euadnen
918 2590 1262 2657 dolentibus
1291 2629 1377 2638 -—-
1407 2593 1567 2654 Iuno
1598 2591 1766 2654 clieta
1790 2593 2143 2675 puerperis.
2198 2629 2265 2637 ——
2322 2593 2415 2656 Tu
2456 2602 2671 2675 potens
2716 2590 3006 2656 Trivia
3050 2599 3103 2650 et
3148 2589 3331 2652 notho

530 2724 592 2763 es
658 2738 739 2745 —
803 2700 976 2763 dicta
1045 2700 1274 2763 lumine
1347 2697 1530 2761 Luna
1539 2719 1565 2776 ;
1638 2696 1796 2761 Hor.
1859 2696 1984 2762 ΙΙΙ.
2047 2700 2131 2762 22
2218 2700 2387 2761 1-4-4.
2463 2697 2777 2761 Montium
2852 2707 3059 2759 custos
3131 2715 3331 2762 nemo-

761 2800 768 2807 “
2073 2849 2081 2857 ‚‚
2163 2804 2221 2867 2.

532 2931 816 2995 rumque,
895 2910 1103 2993 Virgo,
1167 2946 1248 2953 —
1311 2930 1470 2993 quae
1535 2907 1878 2971 laborantes
1940 2915 2174 2972 utero
2222 2910 2556 2987 puellas
2610 2944 2675 2953 —-
2727 2917 2821 2969 ter
2851 2917 3091 2995 *vocata
3144 2906 3335 2969 audis

1508 3016 1565 3077 2.
3100 3072 3105 3080 .

533 3118 880 3209 adimisque
967 3117 1083 3181 leto
1158 3154 1239 3162 —
1313 3120 1511 3183 diva
1585 3119 2028 3200 triformis.
2120 3117 2225 3181 Ad
2310 3115 2568 3199 Dianae
2657 3116 2921 3182 nomina
3009 3116 3327 3197 Lucinae,

532 3222 872 3305 Ilithyiae‚
941 3220 1270 3287 Genitalis
1363 3220 1664 3287 conferas
1739 3223 1897 3287 Hor.
1974 3241 2169 3287 carm.
2244 3240 2416 3287 saec.
2502 3225 2774 3313 13-716.
2864 3222 2992 3287 Hic
3067 3228 3330 3303 tempus

532 3330 637 3392 est
683 3328 1002 3392 adnotare
1051 3327 1135 3390 ad
1179 3344 1239 3392 v.
1287 3328 1414 3390 394
1447 3327 1548 3411 (tu
1587 3336 1935 3391 maternam
1980 3328 2193 3391 sistere
2240 3326 2472 3411 Delon)
2514 3326 2700 3419 ¹locos
2748 3325 3171 3407 HoratianOS,
3220 3324 3332 3405 qui

531 3430 818 3514 fortasse
865 3429 934 3495 in
966 3429 1260 3512 epitheto
1293 3430 1446 3493 Deli
1477 3430 1785 3512 fingendo
1833 3430 2129 3496 Senecae
2186 3434 2343 3495 ante
2390 3430 2613 3495 oculos
2661 3428 2957 3497 fuerunt:
3004 3430 3057 3495 I.
3094 3433 3194 3494 21.
3229 3432 3330 3494 10.

529 3530 917 3620 natalemque
961 3558 1170 3599 mares
1219 3532 1418 3598 Delon
1463 3546 1538 3599 ,et
1584 3534 1901 3620 Apollinis
1964 3539 2032 3599 et
2078 3536 2161 3599 de
2208 3536 2433 3599 eodem
2481 3534 2749 3599 numine
2794 3535 2920 3600 III.
2966 3537 3025 3599 4.
3073 3538 3331 3601 63-64

531 3643 641 3724 qui
684 3640 910 3727 Lyciae
955 3650 1112 3703 tenet
1163 3677 1237 3685 —
1289 3639 1534 3702 dumeta
1579 3639 1969 3724 natalemque
1998 3639 2221 3701 silvam
2272 3676 2343 3685 ——
2387 3638 2610 3702 Delius
2654 3651 2709 3702 et
2750 3640 3053 3704 Pater-eus
3082 3640 3327 3727 Apollo,

535 3746 866 3827 Ceterum,
931 3747 1106 3824 quod
1169 3746 1255 3809 ad
1310 3764 1372 3811 v.
1439 3747 1583 3827 392,
1655 3744 1764 3808 ubi
1831 3746 1913 3808 de
1960 3742 2174 3807 Nioba
2236 3748 2435 3825 poeta
2499 3744 2811 3826 loquitur,
2857 3746 3170 3828 pertinet,
3228 3748 3331 3811 his

531 3848 838 3915 versibus
886 3848 1206 3914 Senecam
1252 3847 1652 3914 imitatorem
1699 3868 1770 3914 se
1818 3847 2242 3930 praestitisse
2290 3848 2610 3945 suspicor,
2684 3851 2990 3929 quoniam
3036 3851 3326 3917 fabulam

532 3952 786 4018 Niobae
835 3952 1108 4035 adhibit,
1156 3971 1351 4032 quam
1397 3953 1719 4019 Horatius
1767 3954 1971 4019 semel
2017 3957 2277 4019 tantum
2324 3954 2437 4018 IV.
2489 3958 2546 4019 6.
2597 3958 2631 4020 1
2668 3954 2968 4021 breviter
3016 3961 3219 4036 atque
3262 3958 3329 4022 in

531 4076 607 4122 eo
654 4057 797 4139 ipso
869 4057 1158 4123 carmine
1224 4058 1464 4153 tangit,
1536 4076 1662 4137 quo
1726 4058 2055 4139 Apollinis
2125 4063 2195 4124 et
2240 4058 2496 4123 Dianae
2561 4059 2871 4126 laudibus
2918 4060 3328 4127 inserviente

529 4162 868 4244 Senecam,
947 4168 1020 4228 ut
1092 4163 1222 4227 iam
1297 4162 1674 4245 Zingerlius
1759 4166 1842 4228 ad
1921 4183 1982 4229 v.
2063 4166 2400 4229 370—371
2485 4164 2798 4247 ostendit,
2891 4185 3083 4231 usum
3142 4176 3323 4233 'esse

530 4270 811 4332 constat.

730 4372 1075 4436 Postremo
1156 4370 1474 4436 nonnulla
1553 4371 1941 4437 imitationis
2022 4372 2268 4438 iudicia
2347 4376 2431 4439 ad
2517 4374 2710 4440 finem
2805 4376 3052 4441 cantici
3122 4376 3323 4443 adno-

528 4479 734 4542 tanda
797 4480 972 4541 sunt.
1060 4476 1282 4556 Atque
1359 4478 1439 4540 de
1503 4494 1677 4543 vers.
1743 4479 2085 4543 400-401
2158 4478 2378 4564 (tuque
2432 4491 2574 4543 ante
2605 4473 2607 4477 ’
2639 4502 2865 4564 omnes,
2919 4491 3169 4561 pater
3234 4503 3330 4547 ao

530 4589 808 4645 rector·
872 4619 957 4628 —-
1018 4580 1301 4663 fulmine
1360 4580 1631 4666 pollens)
1698 4580 1986 4646 conferri
2048 4587 2331 4663 possunt
2392 4584 2460 4648 hi
2522 4584 2648 4650 loci
2712 4586 2871 4649 Hor.
2937 4591 3061 4651 sat.
3127 4588 3217 4655 Π.
3271 4592 3325 4675 1.-

528 4688 612 4749 42
675 4706 738 4753 0*
764 4693 1014 4764 pater
1075 4693 1148 4749 et
1208 4704 1361 4750 'rex
1422 4685 1733 4771 Iuppiter,
1799 4704 1995 4751 carm.
2056 4685 2164 4751 IV.
2230 4692 2289 4753 4.
2340 4692 2379 4752 2
2446 4712 2557 4751 reoe
2624 4690 2914 4773 deorum,
2969 4690 3093 4755 ῙΠ.
3163 4696 3219 4756 5.
3293 4696 3323 4755 1

527 4789 691 4852 caelo
753 4800 1061 4853 tonantem
1112 4791 1491 4854 credidimus
1553 4792 1762 4853 Iovem
1827 4830 1909 4837 —
1962 4815 2255 4877 2·e9nar·e,·
2314 4795 2501 4874 epod.
2553 4796 2652 4859 17.
2727 4798 2809 4859 69
2880 4796 3074 4877 epist.
3123 4797 3176 4861 I.
3227 4800 3327 4861 17.

529 4896 612 4957 34
676 4912 872 4959 carm.
937 4895 991 4959 I.
1059 4899 1118 4960 2.
1183 4898 1239 4959 2.
1303 4896 1608 4975 Denique
1675 4897 1754 4960 de
1819 4895 1981 4963 Iove
2028 4898 2332 4963 Tonante
2385 4898 2516 4963 loci
2570 4918 2795 4967 omnes
2848 4906 3007 4967 sunt
3036 4901 3105 4965 hi
3136 4901 3183 4965 Ι.
3207 4904 3327 4966 22
