3759 5400
1663 193 2088 255 „23—

1581 423 1584 426 ἢ
1683 480 2048 564 Phaedra.

911 687 1056 753 ΠΙ.
1106 685 1575 754 canticum
1621 688 2073 758 959—988
2120 696 2829 775 anapaesticum.

675 877 902 944 Etiam
947 878 1016 943 111
1060 879 1185 942 hoc
1230 896 1440 958 parvo
1489 877 1748 946 cantico
1795 879 2055 946 Seneca
2099 883 2451 950 Horatium
2500 891 2569 951 et
2614 888 2967 954 sententiis
3017 895 3086 955 et
3130 909 3275 968 ver-

469 983 697 1049 borum
746 981 1321 1049 coniunctionibus
1368 981 1673 1050 imitatus
1719 989 1842 1052 est.
1920 984 2161 1066 Itaque
2224 1007 2285 1056 v.
2332 992 2679 1056 961—965
2744 1003 2947 1056 rector
3002 992 3277 1081 Olympi,

467 1090 578 1172 qui
619 1110 853 1172 sparsa
896 1089 1015 1150 cito
1059 1087 1274 1150 sidera
1318 1088 1545 1151 mundo
1581 1125 1656 1135 —
1691 1111 2026 1187 cursusque
2070 1113 2257 1175 vayos
2302 1083 2485 1178 rapis
2514 1106 2829 1160 astrorum
2861 1134 2945 1145 —
2977 1096 3277 1182 celerique

457 1189 636 1276 polos
679 1185 1196 1272 cardine‘veream
1241 1227 1328 1236 —-
1374 1214 1488 1255 cur
1531 1200 1708 1256 tanta
1753 1193 1874 1256 tibi
1916 1215 2515 1278 curaperennes—
2534 1201 2781 1282 aqitare
2800 1251 2803 1256 .
2825 1203 2967 1264 vias
3006 1203 3279 1266 aetheris

465 1293 584 1360 alti
626 1294 1199 1377 amplificationem
1245 1295 1618 1363 invenimus
1663 1298 1823 1364 Hor.
1858 1298 1913 1364 I.
1960 1301 2061 1365 12.
2096 1303 2375 1367 13-—16.
2420 1302 2807 1388 Quid-prim
2837 1304 3045 1369 dicam
3074 1307 3279 1370 solitis

458 1403 750 1485 parentis
817 1437 890 1448 --
945 1397 1256 1483 laudibus,
1337 1401 1450 1484 qui
1509 1424 1630 1465 res.
1657 1402 1969 1466 hominum
2029 1426 2106 1467 ac
2150 1405 2428 1488 deorum,
2474 1445 2554 1453 —
2604 1408 2713 1490 qui
2750 1430 2927 1472 mare
2964 1420 3029 1472 -et
3074 1411 3281 1472 terras

468 1507 785 1588 variisque
825 1506 1132 1570 mundum
1154 1516 1559 1590 —temperat
1605 1507 1803 1586 horis,
1852 1525 2023 1587 quae
2054 1512 2391 1589 postrema
2423 1511 2631 1578 verba
2676 1510 2877 1576 etiam
2919 1512 2991 1577 in
3020 1515 3277 1594 versus,

469 1607 584 1689 qui
615 1613 1007 1692 sequuntur,
1029 1608 1323 1675 Senecae
1351 1609 1716 1691 pertinent.
1749 1611 1973 1690 Atque
1991 1629 2230 1678 versus
2258 1615 2622 1693 966--971‚
2656 1613 2895 1694 quibus
2919 1615 3277 1698 descriptio

471 1717 842 1794 temporum
905 1712 1065 1778 anni
1132 1713 1532 1796 continetur,
1595 1717 1850 1779 mutato
1898 1718 2159 1780 tantum
2205 1715 2626 1782 describendi
2692 1717 2924 1784 ordine
2974 1737 3277 1803 magnam

467 1815 963 1882 similitudinem
1011 1820 1363 1898 praestant
1393 1818 1661 1883 Horatii
1711 1817 1828 1883 IV.
1878 1820 2093 1883 9—-12
2124 1819 2393 1904 friqora
2436 1823 2764 1886 mitescunt
2798 1823 3126 1908 Zephyris,
3172 1844 3279 1887 vm·

459 1923 730 2006 proterit
749 1931 950 1986 aeetae
973 1924 1334 2004 interitura,
1366 1923 1557 1986 simul
1573 1959 1654 1968 —-
1672 1923 1965 2007 pomifer
1996 1935 2337 1988 autumnus
2348 1926 2577 2011 frwee
2610 1925 2922 2010 effuderit,
2944 1929 2999 1990 et
3029 1950 3278 1990 mox—

465 2024 687 2088 bruma
704 2026 972 2089 recurrit
1001 2028 1189 2092 inere.
1211 2025 1511 2091 Eandem
1537 2026 1939 2092 sententiam
1962 2028 2043 2092 de
2062 2026 2253 2096 Iovis
2265 2027 2334 2094 in
2353 2029 3273 2110 temporibus'constituendis
3398 2051 3403 2058 ·

465 2130 770 2211 potentia
802 2131 1100 2211 exemplo
1139 2131 1372 2196 hiemis
1395 2131 1917 2196 demonstratam
1941 2131 2263 2198 Horatius
2286 2132 2799 2215 simplicioribus
2821 2134 3046 2203 verbis
3064 2135 3273 2200 refert

465 2233 554 2299 II.
576 2238 678 2300 10.
714 2238 970 2300 15—17
1002 2235 1308 2320 informes
1339 2235 1830 2299 hiemes-reducit
1857 2235 2179 2320 Juppiter,
2212 2237 2379 2300 idem.
2408 2237 2733 2304 submovet.
2765 2238 3033 2304 Pariter
3063 2257 3276 2320 paene

466 2344 848 2422 congruunt
890 2337 1186 2404 Senecae
1218 2358 1280 2404 v.
1326 2338 1672 2403 978-980
1715 2347 1816 2401 res
1863 2340 2171 2402 humanae
2216 2340 2433 2404 ordine
2461 2339 2635 2404 nullo
2666 2349 2755 2388 4-
2783 2342 3073 2406 Fortuna
3118 2345 3275 2428 reqit
3356 2375 3361 2381 ·

468 2443 820 2527 sparsitque
861 2464 1056 2506 manu
1091 2479 1179 2488 —
1212 2465 1478 2506 munera
1523 2465 1704 2506 caeca
1749 2447 1821 2507 et
1860 2441 2127 2508 Horatii
2156 2442 2283 2508 ΠΙ.
2328 2447 2431 2510 29.
2454 2448 2733 2510 49-52.
2780 2445 3067 2512 Fortuna
3114 2447 3278 2510 laeta

469 2569 648 2611 saevo
691 2547 926 2632 neqotio
971 2557 1026 2609 et
1073 2583 1154 2593 —
1203 2546 1418 2610 ludum
1461 2544 1810 2610 insolentem
1857 2544 2067 2610 ludere
2097 2550 2408 2633 ’pertinace
2452 2585 2537 2596 --
2583 2558 2968 2613 transmutat
3013 2552 3280 2613 incertos

470 2653 742 2733 honorae,
787 2686 874 2698 -
917 2673 1081 2715 nunc
1123 2652 1301 2730 mihi,
1369 2673 1532 2715 nunc
1595 2651 1715 2715 alii
1771 2651 2033 2735 beniyna
2097 2654 2168 2717 et.
2212 2649 2504 2719 eiusdem
2567 2651 2621 2717 Ι.
2664 2655 2767 2719 34.
2815 2655 3091 2720 14-16,
3138 2655 3281 2718 hinc

465 2757 708 2842 apicem
749 2778 964 2841 rapam
1005 2792 1092 2803 --
1141 2756 1427 2820 Fortuna
1459 2777 1610 2820 ,cum
1652 2756 1925 2821 stridore
1968 2765 2153 2819 acuto
2212 2753 2487 2837 castulit,
2550 2757 2653 2819 hic
2682 2757 2976 2841 posuisse
3031 2759 3280 2844 qaudet.

471 2861 717 2926 Verum
764 2864 940 2941 quod.
985 2860 1240 2927 Seneca
1304 2882 1368 2927 v.
1418 2863 1764 2927 975—977
1811 2862 2129 2925 hominum
2194 2862 2461 2925 nimium
2522 2884 2777 2927 securus
2828 2860 2991 2957 abeo,
3030 2900 3121 2910 —
3162 2886 3281 2926 non

468 2963 770 3029 sollicitus
807 2967 1103 3050 prodesse
1167 2968 1358 3049 bonis,
1413 3003 1498 3012 —
1543 2968 1824 3029 nocuisse
1885 2965 2118 3029 malis?
2180 2968 2515 3047 repugnat
2579 2963 2657 3047 ei,
2720 2967 2897 3044 quod
2957 2965 3279 3033 Horatius

471 3070 664 3134 docet,
725 3068 779 3133 Ι.
825 3071 928 3133 34.
991 3072 1267 3135 12-13,
1325 3070 1499 3134 Valet
1561 3070 1693 3133 ima
1737 3072 1999 3134 summio
2040 3080 2287 3133 mutare
2332 3080 2387 3133 et
2431 3071 2735 3154 insiynem
2778 3080 3063 3138 attenuat
3128 3070 3281 3135 deus

471 3174 730 3237 obscura
773 3194 1074 3257 promens.
1131 3172 1370 3239 Liceat
1413 3172 1700 3253 denique
1747 3175 2069 3238 adnotare
2115 3172 2186 3238 in
2233 3192 2299 3239 V..
2342 3174 2467 3239 983
2534 3172 2782 3236 tradere
2845 3174 3030 3258 turpi
3054 3173 3281 3258 faeces

459 3277 738 3363 populus
779 3312 867 3323 —
906 3276 1162 3361 qaudet,
1205 3279 1552 3341 eosdem
1611 3279 1804 3342 oolit
1865 3285 2111 3357 atque
2168 3279 2342 3341 odit
2384 3276 2673 3344 animum
2718 3275 2947 3359 populi
2976 3277 3279 3344 mobilem
3400 3300 3405 3305 ·

472 3379 792 3463 castigari
852 3380 1128 3462 perinde
1187 3384 1393 3460 atque
1455 3382 1537 3445 ab
1588 3379 1872 3445 Horatio
1935 3398 2064 3445 uno
2127 3379 2424 3461 epitheto
2470 3379 2525 3446 Ι.
2596 3383 2657 3447 1.
2706 3381 2875 3445 7-8
2952 3379 3159 3462 Hunc,
3220 3384 3283 3445 si

466 3488 912 3551 mobilium
963 3486 1148 3549 turba
1205 3483 1554 3559 Quiritium
1605 3521 1686 3530 —
1748 3494 1947 3549 certat
2008 3486 2365 3567 tergeminis
2427 3484 2637 3547 tollere
2684 3482 3037 3549 honoribue.

676 3590 784 3654 Ad
827 3607 890 3655 V.
953 3590 1296 3654 966—967
1351 3600 1421 3651 ut
1465 3610 1629 3652 nunc
1673 3610 1865 3653 canae
1893 3588 2161 3673 friqora
2206 3587 2466 3651 brumae
2508 3624 2597 3635 —
2640 3590 2963 3653 nudent
2990 3650 2995 3655 .
3022 3590 3293 3673 silvas·
3396 3657 3399 3660 ,

431 3710 439 3718 ¹
473 3692 762 3761 conferri
815 3697 1101 3775 possunt
1142 3694 1322 3775 apud
1365 3692 1718 3759 Horatium
1761 3692 1925 3758 item
1968 3692 2039 3759 in
2084 3690 2537 3773 descriptione
2585 3690 2817 3755 hiemis
2863 3690 3029 3756 haec
3074 3693 3281 3758 verba

466 3799 557 3864 II.
608 3802 664 3863 9.
711 3800 752 3863 3
799 3808 856 3861 et
883 3796 1082 3881 foliis
1121 3798 1589 3862 viduantur
1645 3799 1863 3861 omi.
1936 3796 2237 3861 Eandem
2304 3795 2658 3861 verborum
2724 3792 3279 3879 coniunctionem,

471 3919 641 3983 quae
689 3905 920 3967 exstat
957 3901 1028 3967 in
1073 3919 1137 3968 v.
1185 3902 1310 3967 967
1343 3906 1507 3965 nanc
1537 3900 1814 3967 arbustis
1864 3936 1937 3947 —
1986 3899 2245 3963 redeant
2274 3898 2549 3981 umbrae,
2595 3896 2727 3963 iam
2772 3896 3055 3981 legimus
3103 3902 3281 3982 apud

469 4005 821 4072 Horatium
864 4005 982 4071 IV.
1029 4007 1088 4071 7.
1138 4008 1174 4069 1
1221 4006 1484 4069 redeunt
1529 4008 1658 4068 iam
1699 4004 1995 4089 gramina
2042 4006 2284 4087 campie
2324 4000 2771 4088 arboribusque
2814 4026 3021 4073 comae
3031 4026 3059 4085 ,⁰
3106 4006 3279 4085 quod

473 4116 696 4178 autem
741 4112 827 4177 ad
874 4108 1277 4176 sententiam
1321 4108 1638 4192 pertinet,
1686 4107 1993 4175 conferas
2038 4107 2202 4173 Hor.
2252 4106 2341 4173 II.
2390 4109 2489 4171 15.
2536 4109 2575 4172 9
2640 4117 2773 4171 tum
2816 4109 3029 4192 spissa
3072 4112 3273 4174 ramis

473 4218 690 4281 laurea
715 4215 1013 4303 fervidos
1055 4214 1330 4278 eaectudet
1371 4214 1552 4278 ictus.
1600 4216 1694 4278 At
1737 4232 1796 4279 V.
1844 4214 1971 4278 972
2018 4212 2127 4275 sed
2181 4234 2320 4283 eur,
2359 4212 2525 4278 idem
2568 4213 2681 4295 qai
2696 4280 2703 4283 ,
2744 4219 2985 4283 tanta
3042 4215 3269 4295 ‘roais

471 4318 752 4395 forsitan
795 4318 1310 4387 adumbraverit,
1340 4337 1426 4385 ex
1445 4319 1615 4383 Hor.
1661 4317 1719 4383 Ι.
1762 4320 1864 4385 12.
1914 4319 1996 4383 57
2042 4327 2100 4381 te
2140 4317 2351 4381 minor
2396 4319 2666 4383 latum
2707 4319 2932 4397 reyet
2975 4319 3277 4387 orbani.

379 4430 383 4435 “
679 4424 992 4508 Singulas
1027 4441 1225 4493 voces
1257 4421 1514 4490 Seneca
1557 4422 1627 4489 in
1669 4422 1795 4489 hoc
1841 4418 2101 4487 cantico
2146 4420 2289 4487 fere
2334 4420 2553 4485 nullas
2601 4420 2684 4485 ab
2703 4418 2989 4491 Horatio
3019 4423 3277 4489 mutua-

472 4534 582 4594 tus
629 4533 761 4593 est.
836 4528 1008 4595 Nam
1051 4525 1395 4608 epitheton
1443 4526 1708 4611 iyniferi
1748 4526 1817 4590 in
1866 4543 1929 4591 v.
1992 4525 2138 4606 960,
2185 4524 2363 4604 quod
2404 4521 2589 4589 Iovis
2638 4520 2977 4603 proprium
3022 4520 3278 4593 Seneca

473 4634 557 4699 ad
621 4632 970 4715 Olympum
1021 4630 1392 4713 transtulit,
1455 4629 1778 4697 Horatius
1823 4647 1957 4695 non
2003 4625 2325 4709 adhibuit,
2395 4628 2515 4702 sed
2574 4623 2888 4700 reddidit
2930 4624 3276 4691 enuntiato

472 4738 525 4805 I.
573 4740 675 4802 12.
707 4740 794 4803 59
839 4746 910 4799 tu
941 4759 1181 4821 parum
1213 4736 1406 4799 caetis
1433 4733 1693 4798 inimica
1721 4735 1931 4797 mittes
1942 4732 2234 4819 fulmina
2250 4776 2262 4789 .
2278 4730 2454 4811 lucie,
2498 4728 2553 4795 Ι.
2582 4730 2642 4793 2.
2673 4730 2711 4793 2
2742 4728 2995 4802 rubente
3023 4729 3281 4798 deaetera

472 4866 690 4907 sacrae
731 4838 1050 4905 iaculata-³
1093 4862 1288 4903 arcer.
1320 4838 1508 4905 Idem
1553 4836 1804 4904 fulmen
1835 4840 2035 4905 Vocat
2063 4836 2117 4901 I.
2168 4837 2271 4900 16.
2309 4837 2386 4899 11
2435 4854 2687 4897 saevum
2733 4834 2955 4930 iqnem,
3002 4831 3056 4898 I.
3086 4836 3189 4901 24.
3213 4836 3277 4904 ’.6
