3759 5400
1604 191 2037 254 „21-

626 366 736 435 Ex
779 359 1063 438 Horatio
1127 367 1434 444 sumptae
1499 379 1650 430 esse
1692 361 1933 427 ·videri
2002 364 2287 443 possunt
2349 361 2475 426 hae
2536 358 2953 426 sententiaee
2998 377 3063 425 v.
3100 361 3233 424 350

413 483 553 535 'tum
596 471 760 538 silva
799 470 986 555 ‚qemit
1029 489 1344 532 murmure
1387 487 1590 548 saevo,
1639 465 1719 532 cf.
1763 465 1924 534 Hor.
1970 467 2157 547 epod.
2205 467 2264 528 6.
2314 468 2352 530 9
2408 464 2525 543 Tu,
2590 487 2725 527 cum
2770 464 3045 534 timenda
3090 487 3231 534 voce

415 573 703 660 completi
741 595 957 640 mamus
1015 577 1085 638 et
1129 590 1192 638 v.
1238 573 1364 638 346
1409 580 1552 634 tunc
1595 571 2027 651 vubmificoe
2074 605 2147 618 --
2187 569 2389 633 acuit
2446 569 2651 636 dentes
2695 591 2883 654 apem
2932 566 3016 638 cf.
3060 567 3225 636 Hor.

422 681 610 761 epod.
654 681 714 746 6.
764 681 844 744 15
891 701 974 741 an
1037 678 1098 740 ai
1141 678 1280 758 quta
1324 682 1508 740 awo
1551 673 1726 738 dente
1769 696 1862 737 me
1916 674 2233 758 petiverit,
2301 673 2417 740 ubi
2478 672 2818 744 sententia
2863 671 3132 740 Horatii
3180 692 3227 738 a

419 783 676 852 Seneca
720 783 790 850 in
835 799 1034 848 unam
1080 797 1308 848 vocem
1353 783 1590 844 coacta
1635 782 1762 844 est.

627 885 934 966 Denique
1003 882 1368 950 addiderim
1443 881 2043 948 Mitscherlichium
2119 883 2205 948 ad
2280 899 2552 951 versum
2625 881 2786 946 Hor.
2862 880 2914 948 Ι.
2989 885 3119 950 13.
3182 885 3222 946 8

412 1015 700 1077 affluens,
763 1012 950 1074 quam
1013 986 1190 1052 lentie
1254 988 1504 1072 penitus
1564 1009 1842 1052 macerer
1902 987 2151 1071 iynibus
2203 1004 2443 1054 versus
2499 988 2629 1051 279
2676 990 2747 1054 et
2791 988 3137 1054 280-283
3184 1005 3225 1053 a

419 1096 646 1162 Leone
693 1095 815 1162 sub
863 1097 1050 1160 textu
1098 1090 1472 1174 adscriptos
1522 1091 1754 1156 labitm·
1787 1102 1951 1156 totae
1977 1092 2183 1177 fioror
2224 1092 2291 1155 in
2334 1088 2638 1158 medullas
2666 1127 2749 1158 .—-
2794 1093 2932 1174 ique
2958 1091 3223 1175 furtivo

407 1198 753 1286 populante
784 1221 988 1270 venae,
1007 1233 1095 1245 —
1137 1219 1258 1262 non
1303 1197 1485 1260 habet
1531 1193 1727 1259 latam
1769 1196 1927 1260 data
1960 1193 2163 1280 playa
2190 1197 2475 1282 frontem
2516 1232 2604 1244 —
2647 1196 2755 1260 aed
2798 1206 2979 1262 vorat
3030 1206 3225 1262 tectas

401 1304 654 1390 penitus
695 1300 999 1366 medullae
1041 1303 1424 1370 adnotasse.

1629 1523 1997 1607 Phaedra:

580 1737 682 1803 Π.
734 1735 1205 1802 canticum
1251 1753 1330 1799 v.
1376 1731 1825 1802 736—834
1869 1731 3041 1816 sapphico-asclepiadeum.

615 1929 760 1994 Hoc
807 1924 1069 1992 cantico
1115 1923 1392 2002 Seneca,
1443 1925 1619 2003 quod
1681 1924 1812 1990 iam
1858 1921 2239 2006 Zingerlius
2285 1923 2565 2005 invenit,
2631 1923 2946 2004 pluribus.
2983 1925 3210 1997 verbis

410 2037 774 2098 exsecutus
824 2035 930 2096 est
962 2031 1042 2095 de
1073 2029 1376 2097 vanitate
1420 2026 1937 2109 pulchritudinis
1968 2026 2283 2094 iuvenilis
2314 2027 2738 2110 sententiam,
2784 2047 2955 2109 quae
2988 2047 3213 2110 quam·

403 2155 598 2216 quam
645 2153 791 2202 cum
838 2137 1015 2216 apud
1061 2151 1286 2200 omnes
1333 2136 1567 2215 poetas
1603 2132 1912 2213 antiquos
1958 2136 2101 2198 tum
2147 2134 2324 2214 apud
2371 2131 2677 2200 Ovidium
2725 2130 2803 2197 cf.
2833 2133 2887 2200 Ι.
2930 2137 3038 2218 47,
3082 2134 3209 2202 ΙΙΙ.

400 2243 481 2304 12
547 2239 817 2321 saepius
881 2238 1196 2320 occurrit,
1259 2243 1486 2303 tamen
1547 2224 1753 2320 longe
1810 2235 2254 2302 usitatissima
2316 2235 2387 2302 in
2462 2235 2730 2303 Horatii
2806 2237 3209 2305 carminibus

396 2344 751 2425 reperitur.
811 2344 1055 2423 Atque,
1113 2342 1187 2407 id
1249 2343 1425 2422 quod
1487 2341 1598 2410 vel
1666 2340 1900 2407 ordine
1962 2346 2032 2406 et
2077 2340 2523 2422 explicatione
2588 2341 3075 2408 sententiarum
3122 2345 3209 2409 ab

398 2450 677 2512 Annaeo
723 2447 1038 2514 instituta
1083 2446 1250 2512 satis
1293 2445 1696 2528 declaratur,
1739 2446 1925 2511 locus
1972 2444 2239 2511 Horatii
2282 2444 2374 2511 II.
2424 2449 2525 2510 11.
2557 2450 2598 2510 5
2628 2445 2689 2512 is
2738 2464 2886 2512 esse
2918 2447 3207 2530 videtur,

400 2552 575 2617 unde
643 2550 990 2618 materiam
1073 2549 1318 2616 cantici
1392 2549 1825 2631 componendi
1911 2554 2113 2632 poeta
2194 2549 2321 2616 sibi
2394 2549 2679 2632 sumpsit
2752 2555 2953 2631 atque
3030 2571 3073 2617 a
3140 2573 3205 2620 v.

402 2657 746 2723 764--776
810 2653 1114 2721 adhibuit
1175 2653 1290 2738 ita,
1361 2657 1437 2721 ut
1497 2655 1620 2722 hoc
1691 2672 1953 2736 quoque
2021 2654 2164 2721 loco
2212 2653 2301 2723 II.
2351 2655 2451 2721 11.
2508 2658 2549 2721 5
2598 2655 2784 2739 fuyit
2836 2662 3006 2721 retro
3054 2656 3205 2721 hvis

390 2762 678 2827 &eruentae
719 2772 778 2827 et
821 2761 1002 2824 decor
1047 2760 1288 2826 collato
1337 2778 1483 2827 cum
1528 2780 1589 2827 V.
1625 2762 1753 2825 773
1798 2783 1899 2825 ree
1936 2771 2024 2824 est
2050 2762 2279 2847 forma
2304 2763 2529 2846 fayaoe
2572 2759 2840 2842 aliquod
2886 2760 3215 2829 dictionis·

393 2865 808 2933 Horatianae
853 2866 1120 2949 signum
1165 2863 1599 2946 relinqueret.

599 2969 990 3037 Sententiae
1060 2972 1131 3034 et
1192 2968 1461 3035 Horatii
1526 2974 1595 3035 et
1638 2968 1937 3035 Senecae
2006 2986 2382 3035 communes
2429 2970 2550 3036 has
2598 2968 2845 3037 inveni.
2906 2972 3203 3038 Primum

393 3090 457 3135 v.
536 3073 662 3136 742
719 3074 919 3156 fama
991 3074 1298 3139 miratrix
1369 3075 1638 3137 senioris
1712 3074 1857 3137 aevi
1930 3073 2269 3139 sententia
2344 3078 2452 3139 est
2526 3073 2859 3141 simillima
2931 3076 3202 3142 Horatii

391 3174 586 3257 epist.
653 3174 742 3243 H.
805 3179 866 3240 1.
929 3178 1016 3240 48
1079 3177 1374 3240 virtutem
1435 3178 1724 3241 aestimat
1787 3178 1977 3241 annia
2037 3214 2125 3225 --
2186 3178 2572 3263 miraturque
2638 3179 2804 3245 mma
2864 3184 2997 3245 πίει·
3038 3182 3203 3266 quod

395 3278 679 3343 Libitina
725 3283 1015 3346 sacravit.
1043 3279 1124 3346 In
1155 3278 1483 3362 versibuS,
1515 3280 1630 3361 qui
1659 3285 2036 3360 sequuntur
2067 3284 2430 3366 743—752,
2474 3302 2781 3368 magnam
2802 3289 2873 3350 et
2916 3284 2985 3351 in
3032 3304 3201 3352 com·

391 3382 740 3464 paratione
785 3384 1086 3451 adhibita
1149 3388 1220 3449 et
1265 3383 1334 3451 in
1383 3385 1740 3451 verborum
1785 3384 2363 3453 coniunctionibus
2428 3406 2506 3453 ac
2570 3387 2855 3473 singulis
2921 3391 3199 3457 vocibus

392 3486 736 3569 usurpatis
783 3488 1282 3555 similitudinem
1327 3488 1721 3556 invenimus.
1762 3487 1962 3571 Quod
2007 3490 2284 3572 pulcher
2329 3492 2726 3559 adulescens
2782 3510 2930 3559 cum
2976 3494 3197 3561 sidere

387 3590 615 3671 aliquo
663 3596 1108 3675 comparatur,
1154 3593 1448 3661 occurrit
1491 3593 1696 3660 etiam
1744 3596 1925 3676 apud
1976 3594 2332 3663 Horatium
2386 3596 2516 3664 ΠΙ.
2585 3600 2643 3662 9.
2688 3600 2768 3662 21
2818 3620 3197 3684 quamquam

386 3695 591 3759 sidere
629 3693 958 3781 pulchrior
1003 3694 1166 3762 illest
1209 3702 1338 3764 etc.
1370 3698 1672 3764 Eandem
1703 3699 2109 3765 sententiam
2138 3702 2221 3765 de
2252 3700 2545 3783 Vespeno
2593 3702 2829 3769 nuntio
2878 3708 2947 3768 et
2978 3704 3195 3770 noctis

387 3804 459 3864 et
501 3798 635 3865 diei
663 3799 944 3883 legimus
977 3802 1154 3883 apud
1173 3802 1335 3869 Hor.
1357 3801 1806 3887 Π.9,10-1,2
1835 3802 1968 3867 Nec
2008 3804 2131 3873 tibi
2170 3804 2433 3890 Vespero
2460 3840 2549 3855 --
2576 3819 2859 3892 surgente
2903 3810 3199 3875 madunt

385 3903 648 3969 Amores
667 3942 756 3955 --
771 3929 878 3971 nec
919 3905 1220 3991 rapidum
1247 3906 1534 3991 Miente
1553 3906 1761 3986 solem,
1801 3906 1901 3973 ita
1932 3911 2009 3973 ut
2038 3907 2302 3975 Annaei
2345 3910 2555 3976 verba
2575 3910 2925 3998 751μιίοιῑς
2967 3916 3197 3978 iterum

382 4010 646 4075 tenebris
687 4046 775 4059 -
820 4009 1078 4096 Luczfer
1143 4010 1308 4073 idem
1369 4010 1638 4076 Horatii
1689 4012 1990 4097 rapidam
2017 4012 2307 4098 fiaeqiente
2350 4012 2537 4078 solem
2603 4020 2674 4081 et
2738 4016 2921 4084 illius
2966 4019 3194 4087 verbis

377 4113 632 4196 primae
681 4114 964 4199 referem
1007 4115 1307 4195 tenebrae,
1353 4118 1612 4181 ammius
1651 4116 1874 4199 noctis,
1920 4118 2115 4183 modo·
2164 4116 2324 4183 boam
2364 4120 2555 4184 undis
2617 4120 2934 4207 Hesperus
2995 4123 3193 4191 huius

402 4213 662 4301 Vespero
723 4228 1002 4301 sav-yeme
1062 4219 1534 4299 respondeant.
1610 4256 1687 4269 --
1759 4218 2234 4303 Fragilitatem
2304 4223 2820 4305 pulchritudinis
2876 4232 2947 4292 et
3009 4227 3193 4295 vitae

387 4335 536 4389 cum
578 4320 754 4391 foliis
801 4340 1188 4405 comparare
1253 4324 1336 4388 ab
1381 4323 1657 4390 Homeri
1697 4325 2113 4407 temporibus
2160 4330 2339 4410 apud
2400 4334 2636 4411 poetas
2681 4328 3194 4398 usitatissimum

387 4428 556 4506 erat,
583 4423 811 4505 itaque
857 4445 918 4493 v.
965 4430 1092 4494 764
1124 4445 1264 4508 sqq.
1302 4450 1431 4493 non
1475 4431 1570 4493 sio
1607 4440 1802 4514 prata
1846 4452 2005 4495 novo
2046 4454 2187 4496 vere
2230 4432 2509 4498 decentia
2526 4472 2613 4483 —-
2647 4438 2907 4501 aestatis
2946 4435 3193 4501 calidae

381 4526 692 4611 despoliat
743 4553 960 4615 vapor,
1019 4565 1110 4581 ·-
1171 4535 1370 4596 saevit
1422 4530 1684 4597 solstitio
1748 4554 1887 4597 cum
1950 4536 2190 4600 modim
2232 4536 2366 4601 dies
2416 4572 2488 4587 ·--
2558 4549 2617 4603 et
2657 4549 2859 4605 noctes
2901 4540 3193 4605 brevibus

371 4634 812 4717 praecipitant
839 4635 997 4699 rotis
1025 4634 1258 4702 similis
1292 4641 1397 4702 est
1428 4637 1695 4703 Horatii
1725 4639 1898 4720 epod
1930 4641 2030 4705 11.
2062 4643 2101 4705 6
2148 4640 2230 4706 de
2261 4638 2631 4708 Decembre
2675 4643 2855 4708 silvie
2892 4647 3194 4710 honorem

381 4734 612 4799 decutit
675 4741 744 4802 et
818 4756 870 4802 e.
932 4738 1045 4806 IV.
1119 4744 1180 4808 7.
1245 4744 1458 4807 9—12
1524 4742 1802 4829 Fodqora
1868 4746 2196 4810 mitescant
2258 4745 2563 4833 Zephyrio
2626 4766 2771 4813 ver
2831 4752 3197 4831 proterit

383 4848 674 4926 aestas,
719 4844 1076 4925 interitura,
1137 4844 1326 4909 simul
1374 4884 1448 4894 —
1487 4848 1778 4932 pomifer
1819 4860 2161 4915 autumnus
2204 4853 2439 4938 fruyee
2483 4851 2773 4937 effuderit
2816 4865 2872 4918 et
2915 4876 3063 4917 τηοσε
3110 4890 3190 4902 -
