3759 5400
1676 202 2101 264 *28—

701 371 1093 440 Sententiae
1141 392 1227 438 ex
1271 372 1422 438 aliis
1467 372 1862 438 Horatianis
1912 372 2313 439 carminibus
2364 375 2751 453 desumptae
2799 375 2959 438 sunt
3004 372 3159 438 hae:
3210 391 3293 436 ex

480 478 534 545 I.
582 480 640 543 7.
687 481 726 544 3
770 479 866 544 vel
907 480 1230 544 Baccho
1275 479 1590 542 Thebas
1631 474 1726 540 vel
1767 473 2062 560 Apolline
2107 475 2389 563 Delphos
2434 513 2520 526 ——-
2549 478 2929 558 ‘bassiane-3
2970 475 3040 539 in
3073 492 3133 540 V.
3155 477 3289 540 >405

482 601 622 664 sqq.
665 586 787 648 huc
831 583 980 648 ades
1024 618 1110 628 —
1157 583 1318 646 votis
1381 603 1538 664 quae
1595 581 1713 644 tibi
1751 583 2067 646 nobiles
2118 617 2207 630 --
2252 583 2589 658 Thebae,
2633 582 2955 647 Bacche
3017 589 3162 644 tuae
3204 613 3293 626 -—-

467 684 712 772 palmis
754 685 1150 772 supplicibus
1176 687 1426 771 ferunt.

690 789 863 856 Item
906 809 1118 872 parva
1161 789 1531 856 mutatione
1578 788 1835 855 Seneca
1895 808 1956 856 v.
2000 791 2129 854 425
2172 801 2331 853 ceste
2385 811 2530 854 cum
2576 747 2755 873 {onya
2798 742 3123 868 reyes-os
3169 805 3287 868 pro

477 906 710 979 teyeres
753 894 1044 962 lectione
1090 893 1369 979 Leonis)
1417 893 1614 959 leones
1675 891 2013 975 respicere
2073 893 2345 960 videtur
2399 894 2485 959 ad
2528 893 2691 959 Hor.
2739 891 2969 959 1113.
3017 895 3099 958 13
3146 909 3287 970 sqq.

479 1001 580 1062 hic
621 1009 680 1062 te
721 1011 1062 1081 merentem,
1110 999 1355 1062 Bacche
1406 1009 1616 1082 pater,
1681 1007 1829 1060 tuae
1872 1034 1959 1044 —
2002 1013 2296 1062 vomere
2358 998 2571 1081 tigres,
2642 995 2903 1062 indocili
2944 998 3159 1080 iu9um
3202 1029 3289 1044 -··-

483 1101 635 1168 collo
679 1105 1009 1170 trahentes.
1099 1103 1316 1170 Maior
1387 1101 1674 1169 imitatio
1749 1101 2129 1167 Horatiana
2196 1105 2423 1169 exstat
2482 1101 2556 1167 in
2618 1099 2927 1168 versibus
2991 1097 3287 1165 Senecae

481 1208 850 1289 432—438,
907 1205 1020 1286 qui
1089 1204 1515 1287 comparandi
1576 1207 1735 1268 sunt
1799 1221 1949 1268 cum
2014 1203 2175 1269 Hor.
2220 1201 2347 1270 III.
2412 1205 2515 1268 25.
2562 1206 2775 1268 9-12
2823 1204 3099 1270 eandem
3146 1221 3289 1267 rem

483 1311 862 1376 tractantis,

684 1414 846 1480 Hor.
896 1412 1024 1480 III.
1075 1415 1175 1477 25.
1223 1415 1457 1477 9-12,
1507 1410 1657 1476 Non
1701 1433 1872 1474 secus
1916 1411 1983 1474 in
2026 1411 2196 1496 iuqis
2236 1448 2322 1458 —
2371 1411 2613 1476 Edonis
2656 1422 2858 1497 stupet
2902 1411 3171 1493 Euhias,
3205 1447 3288 1458 —

477 1518 755 1582 Hebrum
787 1519 1191 1604 prospiciens
1221 1529 1278 1580 et
1307 1520 1446 1582 nive
1475 1515 1813 1581 candidam
1835 1552 1917 1562 -
1940 1513 2229 1579 Thracen
2258 1539 2334 1578 ac
2368 1515 2529 1601 pede
2560 1517 2826 1579 barbaro
2846 1515 3287 1578 -lustratam

479 1622 820 1707 Rhodopen
868 1627 992 1687 etc.

683 1725 834 1792 Sen.
879 1727 1226 1791 432-438
1281 1724 1366 1788 Te
1410 1723 1832 1788 Bassaridum
1877 1725 2175 1788 comitata
2228 1725 2452 1787 cohors
2498 1760 2578 1772 -
2642 1747 2805 1788 nunc
2848 1723 3070 1788 Edono
3128 1721 3286 1808 pede

463 1830 749 1916 pulsavit
791 1868 880 1878 -
922 1827 1060 1893 sola
1107 1830 1422 1913 Panyaeo,
1485 1851 1648 1892 nunc
1701 1829 1986 1891 Threicio
2048 1865 2136 1876 —
2179 1830 2404 1892 vertice
2451 1828 2651 1892 Pindi
2654 1852 2682 1910 ;
2748 1850 2913 1892 nunc
2980 1825 3287 1892 Cadmeas

477 1971 558 1982 -·-
601 1934 764 1998 inter
804 1943 1038 1998 matres
1099 1933 1302 2018 impia
1365 1955 1618 1996 maenas
1683 1969 1770 1981 ——
1831 1925 2048 1996 comes
2104 1931 2335 2018 Oyyyio
2390 1935 2555 1996 venit
2602 1933 2847 2014 Iacch0,
2899 1969 2987 1978 -
3030 1931 3284 1994 nebride

475 2061 664 2102 sacra
714 2041 1088 2124 praecincta
1153 2035 1320 2100 latus
1387 2040 1512 2102 etc.
1580 2035 2017 2118 Respondent
2092 2043 2316 2102 autem
2381 2038 2589 2104 verba
2653 2036 2921 2102 Horatii
2982 2039 3049 2100 in
3118 2039 3286 2121 iuyis

471 2145 790 2208 ,Eclmcis
833 2141 1128 2209 Senecae
1193 2143 1483 2207 Edono
1528 2139 1846 2225 Panyaeo,
1924 2139 2192 2205 Horatii
2255 2141 2535 2204 Hebrum
2584 2142 2979 2226 prospiciens
3042 2153 3098 2204 et
3140 2143 3284 2204 nz‘ve

469 2246 806 2310 candidam
871 2249 1269 2323 Thracen,
1345 2243 1639 2310 Senecae
1703 2265 1866 2308 nunc
1939 2247 2317 2310 Threicio
2390 2247 2617 2308 vertice
2692 2245 2911 2327 Pindi,
2990 2245 3277 2324 denique

470 2348 738 2416 Horatii
781 2350 1032 2413 Euhias
1086 2347 1382 2415 Senecae
1448 2348 1872 2412 Bassaridum
1936 2350 2151 2412 cohors
2214 2354 2283 2414 et
2344 2349 2547 2436 impia
2591 2372 2851 2415 maenas
2896 2355 2966 2415 et
3010 2347 3279 2414 Horatii

465 2440 624 2540 pede
667 2455 934 2519 barbaro
983 2453 1314 2517 lustratam
1360 2457 1429 2517 et
1473 2451 1770 2518 Senecae
1805 2451 1973 2538 pede
2004 2451 2309 2538 pulsavit.
2378 2451 2592 2535 Quam
2638 2455 2720 2519 ob
2767 2471 2908 2519 rem
2951 2452 3275 2534 Peiperus

471 2579 604 2626 non
647 2563 836 2626 recte
881 2556 1122 2622 fecisse
1169 2556 1328 2623 mihi
1374 2556 1642 2624 videtur
1687 2557 1901 2622 eiecto
1955 2575 2159 2623 versu
2203 2561 2335 2623 434
2382 2560 2584 2639 (apud
2616 2577 2765 2624 eum
2808 2559 3016 2641 440b,
3060 2560 3187 2622 441
3207 2559 3275 2638 a)

465 2687 636 2729 nunc
699 2665 962 2728 threicio
1019 2664 1245 2727 vertice
1289 2661 1506 2737 Pindi,
1565 2660 1873 2743 quoniam
1938 2663 2302 2744 respondet
2364 2661 2634 2729 Horatii
2696 2681 2759 2730 v.
2807 2665 2889 2729 10
2934 2664 3074 2728 nive
3136 2685 3275 2725 can-

470 2769 690 2832 didam
743 2769 1048 2834 Thracen.
1095 2766 1249 2832 Etsi
1296 2767 1376 2832 de
1422 2766 1678 2833 vertice
1701 2765 1917 2848 Pindi,
1967 2784 2161 2847 quem
2207 2766 2622 2832 Thessaliam
2669 2768 2750 2832 ab
2798 2766 3007 2850 Epiro
3056 2767 3275 2832 seiun-

471 2877 742 2955 gentem
786 2891 1111 2953 nusquam
1174 2871 1527 2937 Thraciam
1573 2872 1911 2953 attingere
1977 2875 2206 2937 notum
2268 2875 2392 2954 est,
2440 2870 2728 2936 Thracia
2788 2871 3085 2954 conspici
3147 2890 3277 2935 non

464 2980 690 3058 potest
755 2975 1038 3056 ideoque
1100 2976 1159 3041 is
1205 2981 1445 3043 vertex
1507 2993 1856 3057 perperam
1913 2974 2243 3039 Threicias
2288 2993 2329 3039 a
2385 2973 2643 3041 Seneca
2687 2981 2990 3057 vocatur,
3053 2980 3278 3039 tamen

471 3082 705 3147 eadem
749 3080 1026 3147 licentia
1069 3080 1197 3147 fuit
1243 3080 1588 3163 Horatius,
1617 3097 1783 3167 *cum
1829 3098 1914 3145 ex
1976 3078 2153 3164 iugis
2200 3078 2453 3145 Edonis
2480 3064 2491 3074 ’
2520 3098 2641 3146 seu
2706 3082 2787 3145 de
2834 3083 3056 3145 monte
3104 3078 3276 3143 Pan-

468 3202 634 3268 gaeo
681 3182 966 3249 Euhiam
1031 3184 1174 3251 Sive
1237 3185 1571 3250 Baccham
1615 3186 1892 3249 Hebrum
1939 3184 2033 3270 (J)
2070 3186 2559 3271 prospicientem
2622 3195 2680 3249 et
2724 3186 2865 3249 nive
2934 3184 3276 3248 candidam

474 3288 756 3353 Thracen
799 3300 855 3353 et
888 3288 1051 3373 pede
1093 3287 1364 3353 barbaro
1412 3288 1742 3352 lustratam
1788 3289 2127 3375 Rhodopen
2173 3288 2351 3355 fecit.
2402 3287 2595 3371 Quod
2639 3287 2849 3371 igitur
2880 3289 2964 3353 ad
3010 3306 3279 3353 sensum

465 3392 780 3476 pertinet,
825 3392 940 3458 ille
988 3410 1223 3459 versus
1271 3411 1402 3458 non
1437 3399 1583 3458 erat
1614 3392 1980 3475 tollendus3
2029 3396 2203 3474 quod
2234 3392 2800 3459 constructionem
2830 3392 3277 3474 interrumpit,

473 3496 616 3563 eius
661 3498 818 3563 mali
862 3497 1118 3564 nullum
1161 3496 1391 3565 inveni
1435 3496 1814 3562 remedium.
1859 3486 2204 3563 Postremo
2252 3498 2523 3563 Edonos
2569 3496 2639 3561 in
2670 3496 3062 3564 Macedonia
3109 3498 3273 3562 Bac-

457 3603 662 3668 chum
725 3602 944 3668 colere
1010 3601 1319 3668 adfirmat
1385 3602 1516 3668 iam
1561 3598 1885 3668 Horatius
1958 3601 2047 3667 Π.
2103 3605 2162 3667 7.
2208 3604 2290 3667 27
2336 3624 2457 3665 non
2501 3625 2605 3689 eqo
2646 3604 2867 3667 sanias
2930 3602 3275 3667 bacchabor

467 3704 728 3770 Edonis.
781 3706 888 3772 Ad
951 3725 1190 3775 versus
1235 3706 1364 3772 467
1413 3711 1482 3772 et
1524 3709 1675 3788 468,
1738 3705 1977 3787 quibus
2023 3706 2283 3771 Pactoli
2334 3705 2621 3771 fluminis
2690 3724 2925 3772 aurum
2968 3704 3275 3772 vehentis

468 3810 714 3875 mentio
760 3810 857 3891 fit,
879 3810 1169 3877 conferri
1214 3811 1377 3878 licet
1419 3811 1579 3877 Hor.
1627 3812 1815 3893 epod.
1866 3812 1967 3875 15..
2018 3814 2103 3877 20
2146 3811 2236 3875 sis
2275 3833 2495 3897 pecore
2526 3821 2583 3874 et
2612 3811 2811 3873 ntulta
2838 3809 3013 3873 dives
3058 3808 3275 3871 tellure

467 3914 668 3978 licebit
713 3950 802 3961 --
831 3914 1390 3999 tibiquePactolus
1406 3914 1593 3998 fluat.
1624 3914 1949 3996 Eundem,
1996 3931 2189 3994 quem
2221 3914 2542 3979 Horatius
2574 3913 2689 3980 IV.
2720 3917 2779 3979 3.
2813 3917 2897 3978 34
2931 3916 3016 3999 (et
3048 3913 3276 3977 laetum

458 4020 680 4102 equino
743 4020 1050 4103 sanquine
1125 4016 1509 4105 Concanum)
1576 4020 1656 4083 de
1726 4022 1931 4101 gente
1995 4020 2275 4099 quadam
2340 4016 2707 4100 Hispaniae
2786 4024 3273 4099 commemorat,

461 4140 709 4188 morem
771 4121 1028 4188 Seneca
1096 4122 1636 4205 Massagetarum
1700 4140 1848 4187 esse
1914 4122 2079 4188 dicit
2139 4140 2201 4189 v.
2249 4125 2380 4189 470
2441 4123 2643 4187 lactea
2716 4122 3099 4208 Massayetes
3164 4123 3279 4207 qai

405 4226 686 4321 'pocula
745 4228 1049 4312 sanquine
1109 4229 1343 4311 miscet,
1409 4226 1522 4307 qui
1585 4226 1786 4292 etiam
1857 4245 1923 4293 V.
1985 4229 2331 4292 473—474
2392 4238 2449 4292 et
2510 4249 2664 4313 quos
2723 4228 2966 4292 vicinus
3029 4229 3277 4289 Boreas

447 4332 620 4416 ferit
669 4368 752 4386 --
797 4348 1010 4397 amva
1069 4338 1492 4397 mutmites
1557 4330 1897 4413 respicere
1959 4331 2232 4397 videtur
2290 4332 2374 4397 ad
2442 4332 2605 4397 Hor.
2660 4330 2786 4397 ΙΙΙ.
2850 4335 2952 4397 24.
3000 4335 3080 4396 11
3132 4349 3273 4412 sqq.

455 4437 673 4501 vivunt
703 4446 759 4500 et
781 4436 984 4522 riqidi
1019 4434 1229 4518 Getae,
1263 4472 1346 4485 —·
1377 4438 1681 4500 inmetata
1705 4437 1928 4521 quibus
1958 4438 2184 4521 iuyera
2230 4436 2461 4499 liberas
2492 4472 2575 4483 -·-
2605 4436 2839 4521 fruqes
2882 4447 2939 4501 et
2990 4433 3275 4501 Cererem

441 4544 690 4624 ferunt,
769 4576 849 4589 ·-
921 4562 1030 4605 nec
1091 4540 1342 4605 cultura
1399 4540 1608 4626 placet
1673 4539 1911 4626 lonyior
1973 4562 2188 4605 annua
2251 4578 2336 4589 -——
2400 4540 2881 4627 defunctumque
2963 4540 3275 4606 laboribus

455 4678 546 4695 --
619 4643 874 4729 aequali
933 4655 1173 4708 recreat
1232 4656 1396 4709 sorte
1469 4647 1770 4709 vicarius.
1854 4644 2135 4712 Minoris
2199 4644 2511 4712 momenti
2572 4650 2701 4727 est,
2776 4647 2952 4725 quod
3018 4644 3275 4713 Seneca

465 4765 730 4829 quoque
773 4747 1098 4815 Iunonem
1143 4749 1372 4833 Argis-
1414 4749 1828 4832 potissimum
1888 4750 2134 4817 cultam
2199 4766 2348 4816 esse
2411 4747 2621 4815 refert
2664 4767 2727 4816 v.
2773 4752 2901 4815 487
2968 4762 3026 4815 ct
3070 4750 3275 4837 Arqos

445 4864 777 4938 praesente
823 4852 1147 4918 Bacchum
1194 4854 1388 4919 coluit
1430 4876 1738 4937 noverca,·
1787 4854 1868 4921 cf.
1914 4856 2080 4923 Hor.
2126 4853 2182 4920 I.
2216 4858 2275 4920 7.
2312 4857 2371 4920 9.
2403 4851 2713 4935 Denique
2746 4872 2810 4921 v.
2842 4857 2972 4919 497
3019 4853 3275 4919 ducitur
