3759 5400
1613 227 2035 288 -41-

1525 447 1678 565 vn.
1750 483 2129 592 Thyestes

835 695 894 760 Ι.
949 669 1434 762 Canticum
1483 712 1562 760 v.
1607 678 2048 761 122-175
2094 681 2800 778 asclepiadeum.

638 922 782 987 Hoc
827 919 1159 987 canticum
1215 921 1380 986 duas
1433 920 1636 986 habet
1681 924 1932 1002 parteS,
1979 923 2439 1000 quarum'una
2484 940 2544 988 v.
2592 921 2934 1014 122—137
2981 919 3227 1001 suppli-

437 1028 765 1092 cationem
828 1027 1117 1108 deorum,
1181 1043 1264 1090 ne
1327 1023 1611 1090 maiores
1674 1023 2091 1091 calamitates
2137 1024 2204 1090 in
2251 1025 2522 1092 Tantali
2567 1028 2754 1092 domo
2800 1025 2946 1092 fieri
2990 1025 3223 1107 velint,

439 1131 656 1197 altera
685 1132 1118 1198 v.136--175
1151 1126 1421 1195 Tantali
1452 1127 1812 1195 conditoris
1843 1129 2067 1212 gentis
2112 1128 2480 1196 facinorum
2525 1149 2603 1196 ac
2649 1149 3007 1213 poenarum
3054 1132 3228 1214 apud

436 1236 683 1302 inferos
757 1233 1271 1317 descriptionem
1316 1233 1645 1315 continet3
1717 1233 1913 1299 finem
1979 1233 2223 1300 cantici
2286 1236 2525 1301 abesse
2582 1234 2736 1302 inde
2800 1254 2839 1302 a
2902 1233 3227 1319 Scaligeri

433 1339 840 1423 temporibus
885 1357 1097 1420 usque
1145 1338 1230 1404 ad
1274 1338 1446 1403 hanc
1493 1341 1784 1404 aetatem
1828 1356 2018 1404 nemo
2066 1338 2359 1422 negavit.

640 1445 1002 1525 Tamquam
1047 1441 1546 1508 fundamentum
1600 1441 1808 1508 totius
1859 1441 2103 1507 cantici
2152 1461 2389 1510 versus
2435 1442 2549 1508 ille
2594 1444 2753 1509 item
2800 1463 2883 1510 ex
2938 1442 3227 1509 carmine

441 1550 860 1632 asclepiadeo
895 1551 1280 1630 desumptus
1314 1549 1590 1614 subesse
1621 1547 1890 1614 videtur
1932 1547 1984 1612 Ι.
2030 1551 2090 1613 8.
2140 1551 2179 1612 6
2228 1546 2361 1612 Nec
2404 1571 2659 1612 saevam
2698 1547 2951 1634 Pelopis
2979 1548 3229 1612 domum

437 1677 733 1720 conamur
773 1665 908 1736 etc„
973 1655 1092 1719 sed
1151 1655 1268 1736 ita,
1321 1656 1418 1736 ut,
1464 1655 1640 1734 quod
1682 1651 2006 1718 Horatius
2054 1652 2298 1718 maiore
2347 1671 2493 1718 cum
2539 1653 2861 1718 modestia
2908 1657 2997 1718 se'
3027 1670 3225 1735 posse

438 1759 832 1841 adfirmavit,
892 1758 1143 1824 Seneca
1207 1757 1452 1825 maiore
1499 1777 1647 1823 cum
1692 1756 1973 1823 audacia
2018 1775 2213 1837 quam
2260 1775 2575 1823 successu
2618 1757 2748 1823 sibi
2790 1756 3232 1840 proposuerit.

437 1864 600 1928 Cum
646 1862 714 1928 in
763 1861 913 1929 aliis
960 1866 1102 1928 tum
1145 1862 1214 1928 in
1259 1862 1381 1928 hoc
1429 1861 1688 1928 cantico
1735 1861 2053 1928 Annaeus
2098 1861 2196 1928 ita
2241 1860 2591 1928 Horatium
2638 1861 2939 1927 imitatus
2987 1864 3109 1943 est,
3157 1865 3231 1927 ut

443 1985 949 2050 nonnumquam,
981 1968 1155 2047 quod
1172 1966 1280 2033 hic
1299 1967 1529 2048 paucis
1551 1966 1777 2033 verbis
1799 1965 2101 2049 dixisset,
2129 1964 2484 2033 verborum
2502 1965 2911 2032 abundantia
2932 1970 3231 2049 augeret,

439 2072 772 2139 interdum
819 2072 1020 2137 etiam
1065 2090 1175 2137 res
1222 2072 1305 2137 ab
1339 2070 1620 2136 Horatio
1667 2069 1969 2152 pluribus
2017 2070 2242 2138 verbis
2289 2069 2724 2153 amplificatas
2756 2071 2986 2153 paucis
3019 2056 3234 2136 absol-

435 2180 632 2243 veret
675 2178 795 2242 sed
841 2175 955 2258 ita,
1021 2180 1096 2240 ut
1143 2175 1212 2240 in
1258 2179 1540 2256 utroque
1588 2173 1893 2240 imitandi
1937 2192 2185 2256 genere
2231 2173 2513 2241 imitatio
2558 2177 2749 2240 modo
2798 2170 3234 2257 manifestior,

432 2283 620 2348 modo
689 2281 1032 2347 obscurior
1094 2279 1304 2346 fieret.
1380 2279 1525 2345 Hoc
1571 2297 1782 2363 genus
1848 2279 2236 2346 imitationis
2284 2278 2647 2345 adhibitum
2710 2297 2857 2345 esse
2932 2278 3231 2346 videmus

437 2386 505 2451 in
535 2384 944 2468 longioribus
979 2383 1372 2450 enuntiatis:
1417 2403 1478 2450 v.
1513 2387 1854 2449 134-135
1901 2406 2007 2448 nec
2050 2384 2334 2448 succedat
2379 2403 2532 2450 avo
2575 2388 2938 2450 deterior
2979 2403 3235 2464 nepos

435 2527 514 2538 --
552 2499 611 2552 et
641 2490 846 2552 maior
867 2488 1120 2574 placeat
1149 2486 1332 2574 culpa
1360 2489 1724 2569 minoribuS,
1773 2487 1851 2552 cf.
1887 2489 2049 2553 Hor.
2095 2487 2219 2553 III.
2266 2492 2323 2553 6.
2369 2492 2629 2554 46-48
2675 2488 2868 2553 Aetas
2901 2501 3234 2580 parentum

429 2595 616 2678 peior
647 2597 829 2660 avis
857 2591 1002 2658 tulit
1033 2631 1114 2640 —
1148 2591 1258 2658 rios
1280 2596 1599 2677 nequiores
1627 2615 1774 2658 ‘mom
1793 2593 2055 2658 daturos
2086 2631 2169 2640 —
2188 2596 2681 2676 proamimn
2698 2595 3234 2660 vitiosiorem.

438 2700 516 2765 In
562 2698 754 2766 initio
801 2698 1044 2765 cantici
1107 2719 1168 2767 v.
1217 2701 1340 2765 123
1385 2701 1890 2781 Pisaeasque
1932 2700 2143 2764 domos
2186 2701 2573 2765 curribus
2637 2695 2883 2764 inclitas
2936 2698 3023 2764 cf.
3091 2718 3237 2764 cum

437 2806 594 2871 Hor.
639 2804 691 2871 I.
741 2808 794 2871 1.
843 2808 881 2870 3
927 2815 1072 2869 eunt
1117 2826 1274 2888 quoe
1316 2807 1739 2871 curriculo
1762 2808 2089 2887 pulverem
2125 2807 2654 2885 Olympicum
2692 2804 2997 2889 colleqiese
3024 2807 3200 2870 iuvat
3209 2830 3236 2887 ,·
3324 2843 3337 2858 -

437 2909 550 2975 IV.
599 2912 657 2973 2.
708 2911 964 2976 17-20
1011 2909 1158 2973 Sive
1202 2932 1348 2993 quoa
1387 2912 1598 2975 Elea
1637 2910 1891 2974 domum
1920 2909 2159 2973 reducit
2200 2946 2288 2957 —
2326 2906 2548 2994 palma
2578 2908 2863 2973 caelestes
2881 2906 3236 2995 puyile‘mve

439 3038 730 3098 equumve
775 3014 948 3094 dicit,
1015 3018 1270 3079 mutato
1315 3018 1538 3079 terrae
1586 3012 1876 3094 nomine3
1942 3013 2055 3078 IV.
2102 3016 2161 3079 3.
2209 3017 2379 3078 4-5
2441 3036 2561 3077 non
2608 3036 2799 3097 equus
2842 3015 3112 3099 impt'qer
3148 3051 3234 3061 —

444 3136 705 3184 curru
767 3119 946 3183 ducet
989 3110 1347 3183 Aeha’ieo
1393 3156 1477 3165 --
1525 3119 1834 3183 victorem.
1900 3118 2207 3197 Denique
2271 3115 2576 3183 conferas
2640 3120 2868 3183 eodem
2937 3118 3241 3183 imitandi

441 3240 687 3306 genere
752 3240 992 3290 versus
1039 3221 1332 3288 Senecae
1397 3221 1698 3288 adfectos
1763 3241 1910 3288 cum
1955 3221 2345 3287 Horatianis
2405 3224 2531 3288 137
2592 3224 2748 3288 sicci
2796 3226 3242 3305 prooenies

437 3330 715 3407 impia
760 3329 1098 3393 Tantali
1143 3330 1214 3391 et
1257 3326 1424 3392 Hor.
1468 3326 1558 3394 II.
1595 3330 1693 3391 18.
1726 3330 1808 3392 36
1841 3329 1941 3391 hic
1972 3328 2423 3409 superbum
2451 3364 2536 3373 —-
2568 3330 3018 3394 Tantalum
3058 3340 3241 3415 atque

439 3435 778 3499 Tantali
823 3468 904 3479 --
949 3450 1211 3513 yemis
1253 3434 1540 3497 cohercet.
1608 3432 1825 3515 Magis
1871 3432 2107 3497 Musae
2170 3432 2468 3515 pedestri
2514 3432 2921 3500 conveniens
2968 3433 3239 3500 videtur

442 3538 734 3603 Senecae
768 3554 829 3603 v.
864 3539 989 3602 143
1017 3537 1224 3601 notior
1262 3572 1328 3584 —
1369 3534 1542 3601 nulla
1561 3546 1648 3600 est
1677 3537 1876 3601 Ioniis
1902 3536 2143 3623 fabula
2171 3539 2438 3603 navibus
2463 3510 2884 3619 comparatus
2906 3555 3053 3603 eum
3078 3538 3220 3604 Hor

440 3642 493 3709 I.
546 3645 602 3706 1.
655 3644 736 3705 14
785 3640 1107 3726 Myrtoum
1138 3642 1419 3725 pavidus
1463 3652 1662 3705 nauta
1723 3653 1881 3707 secet
1925 3664 2123 3707 mare.
2193 3641 2553 3708 Obscurior
2614 3641 2721 3705 hic
2781 3646 2887 3707 est
2951 3640 3235 3708 imitatio

443 3745 721 3830 Annaei,
769 3743 882 3825 qui
915 3762 1151 3810 nomen
1183 3744 1458 3828 Myrtili,
1494 3764 1533 3810 a
1565 3765 1692 3826 quo
1725 3765 1905 3811 mare
1938 3748 2274 3829 Myrtoum
2320 3746 2727 3812 nominatum
2774 3763 2923 3813 esse
2971 3746 3238 3830 dicitur,

441 3851 508 3915 in
555 3850 777 3932 priore
825 3849 1176 3917 enuntiato
1219 3850 1463 3931 posuit.

647 3954 844 4021 Prius
891 3953 1193 4020 imitandi
1241 3972 1452 4037 genus
1497 3954 1869 4021 invenimus
1915 3955 1985 4020 in
2030 3974 2090 4021 v.
2138 3957 2263 4019 125
2310 3966 2367 4018 et
2399 3963 2702 4037 portus
2744 3951 3121 4037 qemi‘hOS
3165 3968 3239 4024 et

439 4079 678 4127 mare
722 4062 1161 4141 cti-seidone,
1209 4057 1289 4124 cf.
1332 4050 1492 4126 Hor.
1537 4059 1591 4126 I.
1639 4063 1696 4125 7.
1748 4063 1786 4125 2
1833 4062 2285 4125 bimarisve
2335 4058 2642 4143 Corinthi,
2687 4060 2843 4126 item
2891 4061 2959 4127 in
3005 4084 3067 4131 v.
3117 4067 3241 4129 148

384 4231 392 4241 ,
440 4188 684 4229 mensas
728 4177 798 4229 ut
842 4176 1114 4231 strueres
1155 4168 1617 4247 hospitibus
1660 4169 1858 4247 ‹lei-9,
1905 4164 1985 4230 ef.
2031 4165 2081 4230 Ι.
2116 4169 2217 4231 18.
2264 4168 2303 4231 7
2350 4166 2571 4239 occidit
2616 4177 2671 4230 et
2703 4166 2954 4252 Pelopia
2976 4170 3239 4252 yenitor,

442 4276 784 4339 conviva
848 4277 1221 4351 deorum,
1285 4271 1732 4355 appellatione
1777 4272 2050 4337 Tantali
2112 4272 2312 4354 paulo
2359 4271 2725 4338 immutata.
2788 4272 3093 4353 Denique
3160 4290 3242 4337 ex

443 4376 601 4443 Hor.
627 4379 812 4458 epod.
846 4379 946 4441 17.
979 4379 1062 4441 65
1091 4392 1264 4462 θρωπε
1283 4376 1576 4461 beniynae
1602 4375 1905 4441 Tantalus
1926 4400 2166 4463 semper
2184 4377 2375 4463 dapis
2396 4376 2711 4443 Annaeus
2734 4382 2804 4441 et
2828 4395 3091 4445 Versum
3118 4380 3241 4441 152

440 4491 564 4546 stat
609 4480 815 4545 laesus
860 4503 1054 4545 vacuo
1093 4492 1345 4567 yet-iture
1399 4480 1720 4557 Ταπίαῑιιε,
1779 4480 2081 4562 quamvis
2126 4482 2305 4547 hand
2366 4480 2465 4547 ita
2523 4478 2818 4565 pulchre,
2888 4485 2957 4547 et
3018 4499 3243 4546 omnes

441 4587 871 4665 insequentes
920 4586 1340 4655 adumbravit
1382 4605 1641 4671 versuS,
1691 4586 1931 4667 quibus
1964 4586 2301 4653 cruciatus
2333 4586 2601 4653 Tantali
2634 4588 2701 4652 in
2732 4585 2963 4651 inferis
2997 4585 3244 4652 descri-

447 4692 714 4771 buntur,
747 4694 816 4754 et
847 4697 1236 4774 argumento
1270 4696 1338 4759 et
1369 4710 1444 4758 se
1476 4691 1710 4775 dignos
1743 4695 1812 4757 et
1843 4691 2166 4774 proprios,
2188 4692 2671 4757 namHoratius
2704 4690 2904 4755 etiam
2924 4689 3244 4757 facultate

442 4797 602 4860 data
646 4797 841 4860 tanta
887 4796 1298 4863 abundantia
1344 4803 1548 4878 atque
1615 4797 1930 4863 ubertate
1995 4796 2331 4862 cruciatus
2395 4795 2725 4861 hominum
2790 4794 3243 4878 scelestorum,

443 4917 574 4980 qua
619 4903 766 4965 erat
809 4897 1068 4984 ingenii
1115 4902 1502 4987 serenitate,
1552 4901 1668 4972 vix
1713 4901 2113 4985 depinxerit.
