3759 5400
1605 161 2032 224 ..47-

419 333 688 400 Arcturi
731 335 1008 400 cadentis
1050 335 1316 420 impetus
1363 331 1526 416 (scil.
1571 331 1866 398 eiusdem
1900 336 2100 412 atque
2132 331 2641 414 Arctophylacis
2687 331 2756 397 in
2802 351 2862 400 v.
2909 335 3062 418 874)
3111 333 3223 396 aut

422 442 680 504 orientis
725 439 944 504 Haedi
981 437 1250 520 proprie
1296 439 1574 504 duorum
1619 435 1909 502 siderum
1972 435 2041 502 iu
2086 436 2396 518 Arctum,
2460 453 2737 516 quorum
2806 440 2992 502 ortus
3056 441 3218 502 tem-

410 548 712 626 pestates
787 562 866 610 ac
929 541 1192 625 pluvias
1257 541 1576 607 indicunt.
1640 541 2073 606 Memorabile
2124 559 2285 608 vero
2333 544 2461 623 est,
2506 542 2679 621 quod
2724 540 2851 622 hic,
2914 539 3216 620 quamvis

414 653 692 731 propter
735 666 1080 715 numerum
1111 647 1432 729 pluralem
1477 645 1674 710 Ursas
1717 645 1787 710 in
1832 667 1896 713 v.
1946 649 2073 711 869
2118 649 2469 725 utramque
2503 645 2744 712 Ursam
2791 649 2860 710 et
2904 643 3214 710 maiorem

417 757 486 820 et
530 753 846 820 minorem
891 751 1330 834 sequentibus
1374 750 1685 818 versibus
1734 750 2141 832 descriptum
2186 750 2269 816 iri
2302 749 2819 832 exspectaveriS,
2866 748 3009 814 sola
3038 744 3217 815 Ursa

417 857 630 924 minor
698 858 1121 940 describitur,
1187 875 1338 922 nam
1401 855 1554 922 huic
1619 855 1885 936 quidem
1948 855 2153 921 sideri
2202 858 2359 920 sunt
2406 853 2671 920 nomina
2718 854 3103 936 Cynosurae
3150 856 3220 918 et

421 962 913 1046 Arctophylaci.
956 963 1197 1028 Restat
1248 962 1570 1026 adnotare
1631 978 1692 1026 v.
1725 961 2067 1024 848-849
2099 960 2199 1023 hic
2228 961 2338 1042 qui
2372 959 2599 1024 nodum
2636 976 2826 1023 vere
2868 960 3220 1039 bewiy‘no

422 1104 506 1114 -
569 1067 778 1132 reddit
841 1069 1208 1148 Zephyro
1279 1065 1416 1128 vela
1479 1066 1784 1144 tepenti
1851 1062 2286 1128 imitationem
2354 1064 2637 1145 prodere
2700 1062 3215 1129 Horatianorum

422 1171 634 1238 veluti
677 1171 730 1238 Ι.
775 1175 834 1236 4.
883 1173 916 1235 1
966 1169 1248 1234 Solvitur
1293 1171 1460 1232 acris
1522 1167 1716 1232 hiems
1756 1176 2003 1250 gyrata
2044 1170 2219 1233 viee
2263 1205 2341 1215 —-
2390 1171 2613 1234 veris
2656 1177 2732 1233 et
2773 1169 3105 1234 Favoni
3152 1170 3222 1232 et

415 1274 530 1341 IV.
577 1277 642 1362 7.
685 1280 722 1341 9
775 1276 1045 1361 Friqora
1087 1277 1532 1339 mitescunt
1575 1275 1996 1353 Zephyris.

1609 1539 2025 1547 ψ.-

1296 1764 1485 1848 VIII.
1542 1763 1908 1848 Hercules
1964 1763 2301 1848 Oetaeus,

855 1939 914 2007 Ι.
965 1942 1435 2009 canticum
1481 1958 1561 2006 v,
1605 1939 2035 2008 104-172
2084 1938 2780 2023 asclepiadeum.

625 2094 708 2162 In
752 2096 875 2161 hoc
923 2097 1204 2182 cantico,
1251 2117 1378 2180 quo
1425 2098 1665 2164 chorus
1714 2095 2031 2163 Oechalia
2062 2095 2283 2178 patria
2330 2096 2553 2163 diruta
2586 2093 2981 2161 servitutem
3028 2109 3215 2158 suam

419 2200 727 2282 deplorat
775 2205 843 2266 et
887 2201 1205 2268 immanes
1270 2201 1580 2267 Herculis
1626 2199 1804 2268 vires
1854 2199 2063 2284 effert,
2127 2201 2519 2281 quicumque
2582 2199 2849 2264 fabulae
2924 2195 3213 2278 scriptor

421 2304 571 2388 fuit,
613 2305 827 2389 magis
873 2307 1142 2390 singula
1186 2307 1454 2374 Horatii
1500 2306 1828 2373 vocabula
1873 2325 2069 2386 quam
2115 2304 2491 2372 sententias
2536 2303 2838 2369 imitatus
2886 2307 3021 2382 est3
3086 2301 3216 2366 iam

415 2407 486 2474 in
530 2408 676 2490 ipso
725 2411 968 2476 cantici
1011 2411 1202 2478 initio
1249 2417 1319 2478 et
1365 2416 1756 2496 argumento
1805 2416 1874 2476 et
1906 2409 2691 2476 sermonissimilitudine
2737 2406 3218 2473 reminiscimur

423 2513 730 2579 carminis
793 2515 847 2582 I.
898 2519 1000 2594 38,
1050 2535 1178 2596 quo
1223 2517 1510 2584 Flaccus
1557 2534 1784 2600 pugna
1847 2516 2025 2598 apud
2086 2514 2354 2581 Actium
2417 2514 2763 2580 commissa
2808 2509 3215 2592 praeclaram

423 2617 818 2701 Cleopatrae
881 2625 1159 2707 mortem
1223 2621 1539 2689 celebrat.
1609 2621 1808 2688 Certe
1867 2619 2040 2686 enim
2103 2620 2329 2686 multis
2394 2638 2479 2686 ex
2546 2618 2850 2703 partibus
2914 2622 3092 2688 inter
3146 2641 3217 2686 se

417 2726 787 2808 comparari
831 2732 1114 2808 possunt
1157 2728 1503 2810 scriptoris
1549 2748 1610 2795 v.
1649 2728 1993 2794 109—110
2023 2749 2143 2790 non
2188 2728 2519 2808 captiva
2562 2729 2793 2793 dabit
2834 2730 3221 2793 bracchia

409 2832 772 2898 vinculis
821 2868 908 2881 —-
967 2852 1118 2897 nee
1149 2851 1516 2915 pompae
1572 2835 1844 2898 veniet
1883 2832 2158 2897 ‘nobile
2186 2833 2616 2915 ferculum
2678 2837 2743 2897 et
2792 2833 2952 2898 Hor.
3016 2833 3071 2898 I.
3118 2834 3219 2897 38.

413 2936 488 2997 31
504 2938 668 2999 -32
697 2938 1038 3016 privata
1065 2940 1362 3003 deduci
1389 2938 1736 3019 stuperbo
1769 2975 1827 2983 -
1852 2954 2029 3002 ‘non
2055 2938 2410 3001 'inmitis
2427 2938 2743 3002 mulier
2769 2940 3221 3019 triumpho.

411 3037 584 3102 Item
627 3041 714 3103 ad
757 3058 820 3106 v.
889 3042 1012 3104 123
1059 3058 1183 3120 sq.:
1231 3052 1485 3106 stamus.
1531 3060 1760 3107 mune
1792 3044 2141 3121 patrius
2182 3044 2587 3106 messibus
2628 3044 2795 3107 heu
2839 3045 3061 3108 locus
3106 3041 3220 3127 (ex

419 3142 578 3209 edit.
624 3142 925 3209 Richteri
971 3150 1040 3209 et
1083 3145 1380 3231 Peiperi)
1444 3184 1530 3195 —-
1591 3155 1668 3209 et
1734 3148 1975 3211 silvis
2037 3147 2379 3211 dabunt·
2443 3146 2738 3231 lapsaque
2800 3148 3095 3212 sordidae
3144 3184 3215 3193 ——

406 3245 564 3328 fient
594 3247 824 3333 templa
853 3272 1034 3312 casae
1065 3248 1144 3315 cf.
1174 3250 1335 3315 Hor.
1369 3249 1423 3315 I.
1461 3253 1558 3314 16.
1591 3253 1670 3314 18
1707 3268 1802 3329 sq.
1831 3247 2005 3313 Altis
2034 3251 2290 3315 urbibus
2318 3250 2573 3315 ultimae
2606 3290 2687 3299 --
2717 3262 2931 3316 stetere
2974 3275 3216 3333 camme,

416 3374 529 3414 cur
552 3354 922 3438 —perirent
935 3353 1244 3440 funditus
1263 3355 1762 3439 imprimeretque
1779 3374 1931 3421 mu
1940 3358 2059 3420 ris
2076 3392 2164 3405 —
2179 3358 2476 3422 host-ile
2506 3365 2900 3423 aratrum
2911 3360 3221 3422 emes-citus

417 3454 701 3521 insolens.
755 3457 1021 3525 Pariter
1065 3460 1147 3524 de
1179 3459 1381 3525 Troia
1412 3458 1634 3527 diruta
1679 3459 1975 3539 loquitur
2004 3459 2163 3525 Hor.
2197 3459 2323 3526 III.
2355 3462 2412 3525 3.
2440 3464 2526 3528 40
2571 3480 2714 3541 sqq.
2762 3462 2913 3524 dum
2960 3462 3215 3527 Priami

417 3561 801 3647 Paridisque
830 3562 1005 3627 busto
1036 3600 1120 3610 -—
1151 3564 1404 3628 insultet
1433 3576 1782 3629 armentum
1811 3575 1866 3627 et
1896 3564 2130 3628 catulos
2158 3565 2353 3650 ferae
2384 3602 2463 3613 -
2497 3566 2685 3629 celent
2730 3563 2970 3628 inultae
3002 3562 3114 3651 (cf.
3164 3576 3222 3629 et

416 3666 593 3731 silvis
639 3666 944 3751 dabitur),
993 3667 1106 3747 qui
1151 3686 1386 3735 versus
1434 3670 1634 3735 etiam
1678 3668 1919 3735 referri
1962 3674 2240 3751 possunt
2273 3672 2358 3735 ad
2404 3690 2465 3736 v.
2518 3671 2640 3734 125
2687 3688 2785 3749 sq.
2819 3671 2951 3733 iam
2977 3670 3221 3755 qelz'dus

419 3771 661 3858 Dolops
723 3810 808 3820 —-
873 3773 990 3835 hac
1057 3773 1237 3837 ducet
1288 3775 1583 3859 pecude-3,
1648 3796 1771 3859 qua
1835 3785 1996 3861 tepet
2058 3776 2315 3839 obrutus
2358 3812 2445 3821 —-
2488 3783 2726 3838 stratae
2770 3777 2884 3860 qui
2942 3786 3221 3862 superest

425 3875 753 3942 Oechaliae
796 3878 955 3941 cinis
1001 3876 1108 3961 (cf.
1157 3879 1318 3944 Hor.
1368 3879 1617 3944 insultet
1660 3886 2051 3959 armentum).
2090 3878 2395 3959 Denique
2441 3883 2641 3961 poeta
2685 3878 2754 3944 in
2800 3901 2861 3948 V.
2910 3882 3033 3945 167
3080 3883 3223 3966 quie

417 3993 626 4046 vastus
671 3982 1000 4060 Briareus,
1049 3986 1188 4067 quis
1218 3985 1498 4049 tumidus
1538 3988 1757 4065 Gyas
1800 3988 2077 4066 propter
2106 3986 2385 4050 eundem
2409 3984 2767 4067 Gigantem
2812 3986 3217 4051 nominatum

418 4086 771 4153 Horatium
817 4090 973 4153 ante
1021 4088 1244 4154 oculos
1291 4090 1606 4157 habuisse
1651 4088 1922 4155 videtur
1964 4088 2052 4153 II.
2108 4091 2208 4153 17.
2262 4090 2342 4153 14
2386 4092 2773 4155 centimanus
2830 4094 3073 4171 Gyae,
3140 4089 3219 4155 cf.

417 4190 576 4256 Hor.
645 4192 770 4258 III.
815 4196 876 4257 4.
926 4195 1010 4259 69
1055 4193 1122 4259 in
1170 4194 1446 4277 stropha
1493 4193 1948 4276 suppositicia.
2010 4232 2095 4242 -—-
2140 4192 2509 4259 Verborum
2574 4194 3073 4262 coniunctiones
3134 4214 3217 4260 ex

417 4294 696 4363 Horatio
761 4299 888 4363 hae
951 4300 1342 4380 desumptae
1405 4318 1554 4365 esse
1622 4299 1962 4367 videntur:
2027 4298 2094 4363 in
2158 4317 2220 4366 v.
2272 4296 2567 4364 bracchia
2610 4299 2876 4364 vinculis
2938 4300 3093 4363 dare
3138 4318 3220 4363 ex

417 4398 580 4464 Hor.
625 4398 676 4467 Ι.
724 4402 824 4466 37.
871 4404 956 4468 20
1002 4406 1235 4468 catenis
1279 4404 1452 4469 dare.
1499 4404 1698 4470 Haud
1744 4422 1939 4473 secus
1987 4406 2196 4472 verba
2240 4408 2576 4485 pulvere
2618 4409 3011 4471 sordidus
3055 4402 3221 4470 etin
3344 4404 3353 4417 ’

418 4524 478 4570 v.
528 4505 655 4569 120
701 4509 769 4569 et
814 4506 974 4573 Hor.
1038 4507 1128 4573 II.
1179 4510 1235 4574 1.
1285 4510 1366 4573 22
1411 4531 1530 4572 non
1593 4510 1880 4573 indecoro
1923 4513 2261 4591 pulvere
2302 4514 2691 4575 sordidos
2752 4514 3109 4575 occurrunt
3152 4512 3221 4574 et·

417 4613 501 4676 ad
547 4610 946 4677 locutionem
1008 4612 1076 4677 in
1133 4632 1198 4682 v.
1250 4614 1371 4678 107
1435 4614 1547 4678 sub
1605 4614 1872 4701 pedibus
1918 4638 2155 4700 ponere
2220 4614 2508 4681 conferri
2571 4613 2730 4680 licet
2794 4631 3033 4681 versus
3080 4632 3220 4679 car-

415 4714 609 4780 minis
657 4713 819 4797 eius,
864 4714 932 4779 in
981 4735 1108 4797 quo
1156 4720 1236 4784 de
1295 4719 1602 4785 Nearcho
1650 4719 1899 4785 exitum
1946 4739 2213 4804 pugnae
2284 4722 2365 4786 de
2424 4738 2496 4787 se
2554 4721 2939 4785 commissae
3006 4737 3219 4800 aequo

419 4820 634 4887 animo
683 4824 1124 4903 exspectante
1187 4824 1366 4891 inter
1410 4824 1742 4907 Pyrrhum
1788 4827 1858 4891 et
1918 4824 2230 4893 feminam
2294 4827 2627 4907 quandam
2692 4824 2801 4911 (cf.
2848 4822 2975 4891 III.
3028 4827 3130 4891 20.
3180 4827 3219 4889 2
