3759 5400
1621 201 2048 265 -39-

431 393 642 435 muros
695 383 753 434 et
808 373 1046 434 moenia
1096 371 1439 455 pandimus
1510 371 1708 437 urbis.
1751 373 2005 440 Versus
2072 377 2275 439 656-
2290 377 2415 439 658
2479 377 2683 454 vidi,
2745 375 2884 438 vidi
2939 372 3103 440 senis
3166 376 3235 438 in

437 475 648 560 inquio
688 513 760 521 -
800 472 985 539 telum
1015 475 1259 562 Pyrrhi
1285 476 1396 540 viae
1427 476 1650 562 emiquo
1680 513 1765 523 —
1798 479 2099 563 sanquine
2129 480 2336 564 tz‘nqui
2376 480 2730 544 admonent
2758 477 2961 562 Verg.
2992 476 3079 544 ΙΙ.
3111 480 3239 544 499

450 581 639 646 Vidi
683 581 822 667 ipse
847 581 1172 667 furentem
1221 579 1689 666 Neoptolemum
1737 584 1862 648 etc.

1551 804 2105 915 Agamemnon.

594 1019 740 1085 IV.
789 1017 1258 1084 canticum
1306 1016 1561 1084 chori
1607 1035 1687 1083 v.
1740 1016 2189 1085 664-692
2238 1019 2928 1102 anapaestioum
2973 1022 3069 1086 in

773 1119 1218 1188 amoebeo·
1265 1121 1519 1188 chori
1568 1124 1658 1189 et
1707 1121 2269 1190 Cassandrae
2315 1141 2396 1189 v.
2447 1122 2904 1192 659—781.

636 1314 716 1378 In
762 1313 885 1377 hoc
932 1311 1191 1379 cantico
1241 1312 1497 1378 Seneca
1563 1330 1722 1378 usus
1789 1316 1896 1378 est
1958 1303 2335 1379 1611111666
2402 1314 2663 1379 Procne
2729 1319 2797 1381 et
2864 1314 3231 1381 Philomela

435 1419 774 1484 sororibus
838 1417 955 1501 ita,
1021 1422 1096 1483 ut
1140 1416 1568 1482 Philomelam
1624 1416 1693 1483 in
1749 1416 2100 1482 lusciniam
2144 1421 2465 1484 mutatam
2510 1419 2802 1502 Itynque
2845 1419 3049 1486 filium
3094 1419 3238 1487 eius

434 1523 802 1606 induceret,
848 1523 1152 1588 Procnen
1199 1527 1441 1605 autem,
1487 1541 1656 1602 quae
1703 1521 1906 1605 vulgo
1970 1527 2186 1588 mater
2228 1521 2417 1606 Ityos
2462 1527 2762 1607 putatur,
2815 1523 3234 1592 hirundinem

432 1647 581 1694 esse
635 1627 1016 1694 adfirmaret
1065 1626 1169 1711 (cf.
1206 1646 1265 1692 v.
1298 1629 1424 1691 675
1476 1625 1641 1708 „diri
1673 1625 1854 1692 furta
1885 1625 2191 1712 mariti'').
2238 1627 2417 1694 Deos
2450 1628 2877 1694 Philomelam
2922 1628 2989 1694 111
3035 1628 3233 1695 lusci-

407 1734 632 1815 niam,
717 1732 1021 1798 Procnen
1111 1731 1182 1799 in
1262 1731 1699 1815 hirundinem,
1763 1732 1943 1816 Ityn,
2006 1733 2299 1800 Procnes
2374 1733 2599 1816 filium,
2674 1731 2745 1798 in
2817 1733 3231 1818 phasianum,

433 1839 719 1903 Tereum
778 1836 846 1902 in
905 1855 1190 1918 upupam
1257 1836 1672 1902 convertisse
1741 1835 2103 1902 communis
2170 1837 2397 1902 fabula
2461 1841 2594 1918 est;
2648 1839 3011 1904 secundum
3055 1839 3231 1904 Atti-

431 1961 656 2008 corum
699 1941 1148 2007 narrationem
1181 1943 1440 2007 Procne
1472 1940 1539 2005 in
1571 1939 1942 2024 lusciniam,
1988 1941 2355 2008 Philomela
2398 1941 2467 2007 in
2504 1941 2928 2007 hirundinem
2974 1948 3233 2010 mutata

431 2053 553 2113 est.
617 2046 873 2112 Seneca
935 2065 1096 2113 vero
1140 2047 1444 2111 Procnen
1491 2045 1689 2110 Terei
1732 2065 2005 2112 uxorem
2051 2045 2119 2110 in·
2166 2045 2585 2112 hirundinem
2632 2051 2951 2113 mutatam
3000 2049 3233 2129 credit,

433 2151 564 2234 ubi,
611 2169 1003 2233 quamquam
1053 2169 1458 2216 communem
1525 2149 1815 2216 fabulam
1879 2156 2155 2216 secutus
2202 2155 2326 2234 est,
2389 2149 2458 2216 in
2522 2169 2599 2217 eo
2663 2151 2997 2236 dissentit,
3059 2155 3233 2233 quod

425 2257 587 2340 Ityn
635 2276 675 2321 a
720 2255 1104 2338 Philomela,
1131 2255 1392 2321 scilicet
1423 2274 1463 2320 a
1495 2259 1726 2334 matre,
1750 2255 2167 2336 deploratum
2201 2255 2524 2320 adfirmat.
2554 2255 2635 2320 In
2666 2255 2975 2323 versibus
3008 2263 3229 2324 autem

429 2360 694 2427 Horatii
737 2360 856 2425 IV.
904 2362 1004 2425 12.
1049 2363 1242 2442 5-8,
1307 2359 1422 2425 ubi
1465 2359 1614 2442 Itys
1679 2359 1982 2443 defletur,
2038 2359 2389 2425 Horatium
2455 2379 2537 2425 ex
2580 2361 2836 2426 Procne
2880 2359 3231 2427 lusciniam

426 2465 673 2530 factam
720 2482 870 2530 esse
935 2469 1217 2545 putasse
1274 2464 1442 2531 satis
1506 2463 1736 2544 liquet.
1803 2464 2053 2530 Tamen
2130 2469 2199 2531 et
2265 2483 2349 2529 ex
2412 2470 2805 2548 argumento
2862 2470 2932 2530 et
2976 2484 3231 2531 summa·

429 2568 920 2651 compositionis
991 2567 1424 2635 similitudine
1489 2569 1654 2634 satis
1721 2573 1988 2635 constat
2047 2569 2345 2636 Senecae
2404 2587 2671 2635 carmen
2733 2570 2898 2635 illud
2961 2570 3228 2636 Horatii

428 2677 586 2741 ante
633 2673 860 2741 oculos
905 2673 1145 2741 fuisse:

2549 2782 2605 2843 1.

633 2886 794 2949 Hor.
857 2882 973 2948 IV.
1045 2886 1143 2949 12,
1207 2886 1378 2949 5-ss
1446 2882 1696 2947 Nidum
1745 2884 1962 2969 ponit,
2020 2887 2223 2965 Ityn
2270 2885 2663 2964 flebiliter
2735 2903 3069 2966 aemon-9
3153 2922 3219 2934 —

425 2992 732 3175 infeli}
793 3094 974 3157 avis
1025 3103 1080 3154 et
1131 3091 1464 3176 Cecropiae
1519 3093 1738 3157 domus
1807 3130 1880 3140 -
1955 3102 2270 3157 aeternum
2330 3093 2761 3179 opprobrium,
2834 3094 3000 3179 quod
3066 3096 3228 3159 miale

427 3198 732 3262 barbaras
799 3234 867 3245 -—
939 3208 1212 3282 reywnwt
1256 3197 1392 3261 ulta
1441 3196 1760 3283 libidine&
1804 3197 1959 3264 Sen.
2017 3199 2361 3263 670—677
2406 3220 2525 3263 non
2569 3215 2731 3283 quae
2776 3222 2957 3263 verno
3001 3200 3221 3264 mobile

1729 3306 1788 3368 2.
2958 3355 2971 3369 .

428 3430 675 3473 carmen
748 3445 834 3455 —
927 3431 1106 3472 ramo
1169 3417 1378 3472 cantat
1452 3410 1720 3474 tristis
1784 3410 2051 3472 aedon
2135 3446 2209 3455 —
2272 3412 2477 3490 Ityn
2528 3411 2630 3474 ‘bn
2698 3307 2981 3474 vast-ige
3052 3429 3225 3475 mo-

425 3518 720 3580 dulata
763 3532 1029 3592 sonos,
1073 3550 1159 3560 —
1203 3536 1323 3578 non
1367 3536 1524 3599 quae
1567 3514 1743 3578 tectis
1787 3512 2073 3578 Bistonis
2122 3512 2248 3577 ales
2285 3550 2368 3561 —-
2401 3514 2677 3578 residens
2720 3515 2979 3577 summis
3024 3515 3229 3599 impia

429 3620 566 3683 diri
607 3656 690 3665 -—-
721 3618 920 3703 furta
965 3620 1188 3683 mariti
1242 3618 1508 3703 qarrala
1553 3628 1800 3699 narrat,
1849 3654 1933 3664 —
1983 3615 2183 3703 luqere
2228 3627 2402 3681 tuam
2460 3616 2689 3702 poterit
2732 3616 2913 3700 dique
2958 3655 3044 3665 —
3089 3640 3225 3683 con·

424 3736 639 3811 questa
676 3724 944 3788 domum.

635 3829 890 3895 Eadem
953 3846 1114 3895 vero
1175 3826 1404 3895 fabula
1481 3830 1560 3893 de
1625 3828 1917 3894 oloribus
1994 3830 2151 3893 ante
2214 3830 2489 3892 mortem
2566 3826 2979 3910 canentibuS,
3056 3845 3226 3907 quae

427 3934 719 4000 occurrit
763 3933 832 3997 in
881 3933 1175 4000 Senecae
1222 3954 1282 4001 v.
1329 3936 1530 3998 677—-
1546 3936 1692 4015 680,
1739 3932 2080 4000 invenitur
2126 3931 2324 3997 etiam
2371 3932 2549 4013 apud
2592 3931 2945 3997 Horatium
3008 3932 3123 3997 IV.
3169 3932 3227 3997 3.

429 4042 684 4105 19—20
729 4056 944 4119 neque
993 4056 1116 4120 ego
1163 4042 1439 4119 propter
1482 4037 1653 4103 hanc
1698 4037 2198 4103 similitudinem
2241 4036 2677 4103 imitationem
2724 4038 3001 4102 subesse
3034 4041 3224 4119 puta-

426 4143 655 4228 verim,
720 4160 890 4225 quae
957 4142 1138 4207 inest
1209 4141 1278 4207 in
1342 4160 1402 4210 v.
1479 4141 1824 4208 686—690
1895 4140 2423 4208 describentibus
2488 4139 2690 4207 ritum
2753 4140 3226 4223 Corybantium

429 4248 740 4331 Cybelem
789 4267 935 4313 cum
980 4246 1206 4313 furore
1252 4246 1744 4327 venerantium3
1801 4245 1882 4313 cf.
1940 4246 2099 4312 Hor.
2142 4248 2195 4314 Ι.
2253 4248 2353 4311 16.
2400 4244 2576 4311 5-8
2629 4244 2777 4310 Non
2821 4246 3224 4331 Dindymene,

429 4375 550 4417 non
593 4354 800 4440 adytis
845 4352 1047 4437 quatit
1092 4388 1175 4399 —-
1218 4362 1474 4417 mentem
1505 4353 1896 4417 sacerdotum
1941 4348 2145 4416 incola
2190 4350 2457 4437 Pythius
2506 4388 2577 4398 —
2630 4373 2749 4415 non
2794 4348 2986 4414 Liber
3016 4374 3225 4437 aeque,

433 4480 552 4521 non
596 4468 804 4538 acuta,
848 4460 910 4522 si
946 4459 1261 4544 qemina‘nt
1297 4455 1673 4543 Corybantes
1717 4480 1893 4521 aera.

634 4560 940 4642 Denique
1004 4562 1074 4629 in
1138 4560 1438 4628 dimetris
1503 4560 1802 4627 iambicis
1867 4560 2287 4645 Cassandrae
2355 4580 2417 4627 v.
2466 4561 2810 4625 759—774
2866 4556 2979 4625 vix
3023 4576 3223 4626 unum

425 4667 821 4735 vocabulum
867 4688 929 4735 v.
981 4669 1320 4733 769—771
1371 4665 1567 4751 inest,
1633 4668 1808 4747 quod
1872 4684 2005 4732 non
2072 4683 2147 4730 se
2193 4662 2472 4730 Horatio
2518 4665 2814 4731 ablatum
2866 4681 3013 4729 esse
3062 4668 3226 4731 tam-

2633 4773 2688 4836 1.
3018 4771 3076 4834 2.

425 4895 618 4959 quam
653 4876 980 4945 clamitet:
1027 4875 1176 4945 Sen.
1224 4875 1565 4943 769-771
1609 4886 1662 4940 et
1692 4899 1845 4960 ecce,
1892 4874 2173 4961 defessas
2202 4863 2387 4940 senem
2416 4911 2479 4923 —
2513 4878 2625 4941 ad
2652 4893 2806 4940 ora
2852 4877 3223 4944 ludentes
