3759 5400
1667 239 2104 301 ...37-

474 414 526 478 Ι.
579 418 636 478 3.
686 416 790 496 40,
836 415 890 479 I.
943 415 1041 476 16.
1091 415 1191 494 12,
1237 412 1361 477 ΠΙ.
1411 415 1465 476 1.
1513 415 1570 476 6.
1615 413 1882 477 Pariter
1934 429 2171 476 Versus
2217 412 2561 476 402-—403
2628 412 2807 475 cuius
2868 423 3025 475 nutu
3080 409 3273 475 simul

477 519 742 582 eoetremi
780 555 868 566 -
912 529 1212 582 tremuere
1261 518 1416 602 poli,
1480 516 1612 582 nisi
1672 515 1846 581 forte
1892 515 2328 580 imitationem
2389 514 2601 596 ipsius
2654 515 2927 580 Homeri
2994 514 3270 598 cogitaS,

473 621 710 687 reicies
759 624 842 691 ad
889 621 1048 686 Hor.
1093 621 1218 686 III.
1271 623 1326 684 1.
1377 624 1432 685 8.
1479 631 1698 684 cuncta
1744 618 2083 706 supercilio
2126 621 2445 683 moventis.
2522 618 2783 700 Optime
2848 625 3071 686 autem
3120 638 3268 685 con-

473 725 630 791 tulit
688 724 1068 810 Zingerlius
1125 724 1391 790 Horatii
1454 741 1692 791 versus
1759 726 1840 788 de
1886 723 2149 789 Venere
2208 725 2255 789 I.
2314 727 2372 790 2.
2418 727 2673 790 35-36
2741 725 2867 789 sive
2929 724 3262 809 neqlectum

561 850 615 912 1.
1493 850 1548 911 3.
1845 849 1904 911 2.

404 923 413 935 ’
469 971 730 1033 ,aec-ius
793 963 846 1015 et
909 963 1151 1038 nepotes
1214 991 1296 1001 -
1359 953 1708 1032 respicis
1754 961 2043 1017 auctor
2106 971 2252 1018 cum
2315 953 2611 1019 Senecae
2682 971 2852 1020 vers.
2915 954 3268 1022 ,404-407

605 1059 660 1121 1.
1597 1057 1652 1120 2.
3004 1059 3063 1121 2.

469 1165 798 1243 Generis
841 1162 1060 1244 nostri,
1123 1161 1427 1247 Iuppiter,
1489 1169 1801 1240 auctor,
1869 1199 1948 1208 --—
1998 1187 2147 1248 cape
2208 1162 2375 1227 dona
2439 1161 2629 1228 libens
2673 1200 2758 1211 —
2805 1163 3272 1244 abavusque

1506 1268 1562 1330 3.

473 1382 643 1434 tuam
690 1394 810 1437 non
853 1371 1204 1455 deqenerem
1253 1406 1328 1416 --
1379 1371 1696 1449 respice
1725 1369 1993 1454 prolem.
2063 1369 2478 1436 Contrariam
2526 1371 2819 1437 Senecae
2868 1371 3268 1438 sententiam

471 1475 794 1542 Horatius
819 1475 1102 1558 protulit
1131 1473 1259 1567 III,
1309 1476 1366 1538 6.
1397 1476 1654 1538 46--48
1702 1485 1878 1537 aetas
1917 1487 2251 1560 parentum
2293 1478 2477 1561 peior
2511 1478 2751 1541 avis—
2789 1499 2899 1542 nos
2946 1478 3267 1563 nequiores

468 1605 614 1644 ‘mox
659 1582 922 1645 daturos
970 1615 1049 1627 —-
1085 1579 1577 1660 proyeniem
1619 1580 2158 1646 vitiosiorem.

1600 1873 2147 1982 Agamemnon.

885 2087 1030 2154 ΠΙ.
1079 2087 1550 2153 canticum
1595 2085 2234 2168 polymetrum
2269 2103 2350 2152 v.
2384 2084 2852 2154 589—658.

675 2279 755 2344 In
801 2279 946 2360 hoc,
973 2276 1230 2344 cantico
1288 2277 1543 2342 Seneca
1615 2294 1746 2343 non
1793 2275 2004 2342 solum
2051 2275 2385 2360 Flaccum,
2450 2279 2567 2342 sed
2638 2277 2837 2342 etiam
2901 2277 3268 2362 Vergilium

470 2383 567 2448 ita
626 2383 926 2448 imitatus
997 2386 1120 2464 est,
1203 2386 1279 2447 ut
1341 2382 1629 2463 priorem
1696 2384 1957 2464 partem
2028 2380 2099 2446 in
2176 2380 2627 2447 communibus
2704 2383 3058 2448 sententiis
3124 2403 3267 2451 ver-

470 2491 729 2552 santem
793 2505 875 2550 ex
937 2485 1218 2552 Horatio
1288 2488 1685 2570 desumeret,
1748 2487 2197 2551 narrationem
2264 2485 2503 2552 excidii
2570 2486 2810 2552 Troiae
2874 2507 2915 2552 a
2970 2489 3268 2570 Vergilio

470 2595 912 2659 mutuaretur.
959 2629 1044 2638 -—
1107 2591 1347 2671 Itaque
1409 2589 1685 2656 formam
1749 2589 2093 2672 sermonis,
2145 2608 2284 2670 qua
2329 2609 2489 2656 usus
2547 2591 2869 2657 Horatius
2934 2592 3057 2657 III.
3126 2597 3182 2658 1.
3228 2599 3266 2660 3

469 2701 704 2761 iustum
748 2709 803 2761 et
848 2710 1112 2761 tenacem
1149 2700 1480 2784 propositi
1520 2697 1732 2761 virum
1776 2695 2307 2779 praedicaverat,
2354 2694 2609 2761 Seneca
2640 2701 2983 2766 mutuatus
3034 2704 3157 2781 est,
3192 2706 3267 2767 ut

469 2802 759 2882 quietem
806 2807 1211 2869 mortuorum
1269 2802 1682 2885 depingeret.
1749 2801 2044 2867 Imitatio
2090 2820 2251 2869 vero
2313 2800 2493 2867 illius
2556 2801 2866 2868 carminis
2924 2808 3030 2869 est
3078 2824 3267 2885 aper-

469 2907 746 2973 tissima.

2860 3014 2915 3076 1.

675 3116 824 3181 Sen.
870 3118 1214 3181 594--598
1260 3114 1470 3179 nullus
1530 3118 1692 3180 hunc
1756 3128 1961 3181 terror
2003 3139 2110 3180 nec
2154 3118 2511 3201 impotentis
2565 3152 2631 3164 —
2692 3122 3063 3197 procella
3107 3119 3265 3183 For-

1069 3226 1086 3245 ·
1675 3224 1733 3286 2.

464 3336 653 3389 tunae
697 3336 892 3390 movet
955 3337 1066 3391 aut
1132 3327 1338 3409 ‘iniqui
1389 3362 1464 3371 —-
1516 3328 1879 3404 flamma
1925 3328 2348 3392 Tonanti&
2402 3364 2475 3373 —
2532 3327 2678 3390 Paoe
2739 3328 2871 3391 alta
2937 3328 3139 3393 nullos
3184 3368 3267 3377 —-

597 3434 654 3495 3.
2019 3435 2076 3495 4.
2596 3480 2599 3487 .

467 3537 780 3601 civium
825 3548 1030 3601 coetus
1074 3540 1244 3601 timet
1290 3549 1399 3601 aut
1445 3540 1716 3602 minaces
1767 3574 1842 3583 --
1891 3540 2227 3602 ‘victoris
2271 3538 2428 3600 iras.
2480 3574 2556 3583 -—
2607 3538 2765 3603 Hor.
2810 3536 2936 3602 III.
2985 3540 3045 3603 3.
3099 3540 3265 3603 1-·6

2284 3645 2340 3706 3.

468 3747 714 3811 Iustum
761 3758 817 3810 et
863 3758 1126 3811 tenacem
1166 3748 1480 3833 propositi
1522 3748 1732 3819 virum
1777 3784 1860 3795 —-
1906 3766 2081 3812 non
2124 3748 2437 3812 civium
2502 3750 2758 3810 ardor
2812 3766 3089 3828 prava
3130 3750 3265 3813 iu-

749 3857 756 3865 '
2131 3854 2195 3917 4.

465 3959 836 4022 beutium
883 3994 962 4001 ψ*
1010 3975 1183 4020 ‘non
1226 3960 1487 4022 voltus
1530 3944 1933 4023 ‘irwiaoitis
1976 3956 2331 4035 tyranno:
2361 3992 2443 4001 ——
2474 3966 2669 4019 mente
2698 3959 2899 4039 quatit
2943 3958 3266 4043 solidaque

611 4065 671 4133 1.
2707 4063 2765 4124 2.

466 4168 790 4245 Auster,
833 4202 920 4213 -—-
967 4168 1102 4229 duoe
1165 4168 1432 4251 inquieti
1473 4167 1762 4231 turbidus
1809 4165 2103 4229 Hadriae
2152 4202 2231 4212 —
2296 4188 2401 4228 nec
2436 4168 2993 4247 fulminantis
3038 4190 3267 4253 maqna

462 4294 685 4335 manus
728 4272 990 4337 Jovis.
1057 4270 1365 4336 Ceterum
1425 4272 1626 4337 etiam
1671 4272 1800 4336 hue
1864 4269 2121 4335 referas
2168 4290 2231 4337 V.
2280 4272 2407 4335 598
2463 4293 2582 4334 non
2634 4272 2843 4334 maria
2889 4275 3137 4358 asperis
3182 4309 3266 4319 —

468 4378 692 4439 insana
735 4379 953 4443 coris
998 4376 1312 4441 collatum
1357 4396 1499 4442 cum
1547 4378 1706 4444 Hor.
1752 4375 1913 4442 ibid.
1955 4396 2018 4443 V.
2066 4379 2106 4441 5
2151 4398 2341 4461 neque
2385 4378 2692 4441 Auster
2718 4413 2801 4423 --
2825 4375 2959 4439 duoe
3000 4377 3268 4461 inquieti

468 4481 753 4545 turbidus
799 4481 1109 4545 Hadriae.
1174 4482 1266 4545 At
1333 4501 1394 4549 V.
1441 4484 1781 4547 599—601
1831 4504 1952 4546 non
1998 4481 2161 4544 acies
2202 4482 2396 4567 feras
2444 4517 2524 4527 —-
2567 4480 3003 4566 pulvereamve
3046 4482 3264 4545 nubem

465 4622 548 4633 —-
613 4596 843 4651 motam
887 4587 1235 4651 barbaricis
1281 4589 1558 4670 equitum
1603 4588 1871 4651 catervis
1936 4605 2018 4650 ex
2051 4589 2287 4668 suopte
2322 4584 2635 4653 conflavit
2678 4585 2975 4668 ingenim
3023 4604 3261 4653 Versus

467 4694 708 4772 autem,
774 4690 886 4771 qui
949 4695 1320 4773 Sequuntur
1385 4693 1727 4757 602—604
1789 4715 1911 4756 non
1975 4692 2122 4756 urbe
2166 4714 2301 4755 cum
2346 4702 2481 4755 tota
2514 4691 2786 4777 populos
2830 4692 3131 4773 cadentes,
3178 4730 3258 4739 --

463 4796 701 4860 hostica
744 4818 956 4859 muros
994 4798 1338 4881 populante
1363 4797 1654 4879 flamma,
1733 4836 1809 4843 --
1858 4797 2299 4862 indoinitumve
2344 4796 2565 4862 bellum
2612 4799 2794 4861 certe
2842 4796 3261 4865 adumbravit

465 4906 534 4969 et
577 4900 877 4985 longiore
925 4900 1207 4967 circuitu
1255 4901 1548 4969 reddidit
1591 4902 1749 4969 Hor.
1793 4899 1951 4967 ibid.
1998 4921 2059 4967 v.
2112 4904 2279 4967 7-8
2316 4901 2398 4967 Si
2424 4902 2687 4988 fractus
2734 4900 3053 4966 inlabatur
3096 4901 3266 4965 orbei
