3759 5400
1764 211 1839 220 ..
1934 175 2015 237 16
2108 211 2190 220 ,-

1835 345 2115 426 Medea.

970 554 1071 619 Π.
1125 553 1594 619 canticum
1642 571 1722 618 v.
1776 553 2214 621 301—379
2262 558 2974 636 anapaesticum.

780 761 1000 827 Huius
1050 761 1314 843 cantici,
1349 779 1475 839 quo
1510 761 1748 825 chorus
1779 759 1849 825 in
1883 761 2223 828 audaciam
2259 761 2419 843 61116,
2455 761 2568 842 qui
2599 763 2845 844 primus
2878 767 3373 850 navigationem

574 866 894 948 exercuit,
943 865 1302 947 invehitur,
1368 865 1732 946 materiam,
1798 883 1879 929 ex
1944 884 2070 945 quo
2142 865 2429 931 carmine
2494 866 2864 932 Horatiano
2938 878 3201 954 sumpta
3264 872 3371 958 sit,

570 975 802 1052 aperte
847 968 1148 1034 indicant
1197 968 1443 1034 cantici
1486 987 1724 1035 versus
1770 968 1967 1050 primi
2010 968 2252 1033 Audaoe
2295 971 2582 1050 nimium,
2632 975 2746 1056 qui
2770 975 2955 1058 freta
2989 980 3243 1060 primus
3287 1017 3373 1025 —-

568 1085 707 1138 rate
753 1085 882 1137 tam
910 1075 1160 1159 fragili
1191 1074 1444 1160 perfida
1488 1076 1684 1157 rupit.
1731 1073 2221 1139 Praeeuntibus
2268 1074 2789 1140 Mitscherlichio
2824 1087 2891 1142 et
2924 1079 3215 1162 Badeno,
3261 1083 3373 1162 qui

568 1198 767 1245 unum
813 1178 1117 1258 idemque
1177 1178 1546 1259 exemplum
1611 1175 2004 1242 imitationis
2050 1177 2463 1243 Horatianae
2534 1179 2925 1263 attulerant,
2988 1182 3369 1266 Zingerlius

564 1283 605 1347 l.
657 1301 708 1347 0.
756 1302 816 1364 p.
866 1284 946 1346 17
994 1301 1259 1346 carmen
1306 1281 1466 1346 Hor.
1515 1281 1566 1346 I.
1615 1285 1653 1347 3
1703 1279 1844 1365 (Sic
1888 1293 1943 1344 te
1987 1281 2137 1346 diva
2170 1293 2391 1367 potens
2442 1283 2645 1370 Cypri
2690 1285 2843 1370 etc.)
2878 1285 3199 1353 Senecam
3246 1289 3374 1355 sibi

567 1386 936 1467 exemplum
981 1387 1410 1467 proposuisse
1461 1385 1684 1451 allatis
1750 1385 2087 1451 nonnullis
2120 1386 2512 1452 imitationis
2546 1389 2865 1471 exemplis
2899 1391 3140 1456 docuit.
3187 1392 3372 1458 Idem

567 1492 675 1558 vir
723 1493 958 1556 doctus
1006 1509 1244 1557 versus
1293 1507 1497 1571 supra
1530 1491 1905 1571 adscriptos
1942 1493 2283 1556 301-301
2320 1492 2599 1557 contulit
2635 1512 2781 1558 cum
2812 1494 2971 1560 Hor.
3004 1494 3043 1558 l.
3077 1513 3129 1559 c.
3160 1499 3200 1560 9
3233 1515 3371 1577 sqq.

563 1596 675 1659 Illi
715 1596 908 1658 robur
952 1604 1007 1657 et
1053 1618 1157 1658 aes
1201 1595 1434 1680 triplex
1477 1633 1564 1641 ——
1612 1598 1786 1658 circa
1819 1606 2040 1679 pectus
2100 1607 2253 1674 erat,
2299 1597 2730 1682 quisq-agilem
2760 1602 3039 1661 1111οἱ-
3072 1603 3372 1664 commisit

554 1699 780 1784 pelayo
824 1709 1023 1762 ratem
1061 1700 1334 1784 primus,
1402 1699 1535 1782 ubi,
1601 1704 1678 1764 ut
1744 1701 1822 1764 de
1871 1698 2020 1764 aliis
2083 1699 2309 1766 verbis
2356 1699 2601 1765 leniter
2667 1702 3043 1768 obscuratis
3090 1708 3367 1790 taceam,

567 1802 825 1868 Seneca
869 1803 978 1868 vel
1025 1822 1254 1869 vocem
1299 1814 1496 1867 ratem
1542 1803 1852 1883 retinuit3
1919 1805 2038 1869 sed
2084 1806 2166 1869 ad
2226 1807 2506 1870 eundem
2553 1805 2821 1870 Horatii
2865 1806 3083 1872 locum
3129 1807 3369 1875 referri

566 1910 850 1987 possunt
897 1909 965 1972 et
1010 1926 1073 1973 V.
1121 1910 1464 1973 305-306
1515 1927 1554 1973 a
1600 1907 1710 1973 Fr.
1774 1909 2000 1973 Leone
2066 1908 2401 1990 repudiati
2463 1909 2763 1994 dubioque
2826 1933 3037 1974 secans
3099 1935 3369 1997 aequora

562 2035 754 2074 cursu
797 2049 884 2057 —-
921 2014 1134 2097 potuit
1174 2016 1409 2078 tenui
1435 2013 1638 2093 fidere
1685 2015 1913 2094 liquo
1958 2012 2068 2098 (of.
2120 2013 2385 2078 Horatii
2414 2013 2719 2098 frayilem
2749 2023 2992 2092 ratem).
3039 2015 3363 2095 Equidem

564 2133 676 2181 eos
723 2115 1139 2197 retinuerim,
1201 2122 1560 2198 propterea
1607 2120 1781 2197 quod
1825 2136 2023 2183 voces
2070 2121 2243 2180 tenui
2267 2118 2469 2199 fidere
2516 2120 2679 2202 cv’yno
2741 2137 2976 2184 versus
3024 2121 3365 2185 307—308

562 2223 722 2283 inter
785 2220 946 2283 vitae
1008 2222 1342 2305 mortisque
1404 2224 1542 2284 vias
1595 2259 1662 2267 —-
1734 2223 1996 2284 nimium
2061 2224 2366 2303 yracili
2442 2223 2711 2287 limite
2789 2223 2970 2286 ducto
3032 2229 3364 2303 tamquam

562 2322 863 2388 indicant
911 2327 979 2388 et
1023 2323 1386 2390 illustrant.

777 2426 971 2493 Clare
1016 2428 1086 2494 in
1131 2430 1255 2494 hoc
1306 2429 1566 2494 cantico
1615 2429 1861 2495 eminet
1908 2429 2202 2495 Senecae
2253 2449 2462 2512 genus
2510 2430 2899 2496 imitationis
2933 2431 3365 2510 Horatianae,

570 2533 683 2612 qui
729 2535 1093 2598 secundum
1125 2534 1341 2600 locum
1373 2533 1641 2599 Horatii
1688 2534 1981 2599 eiusdem
2014 2534 2323 2600 carminis
2358 2538 2439 2598 14
2470 2558 2575 2598 nec
2605 2539 2811 2598 tristes
2842 2537 3109 2620 Hyadas
3140 2537 3367 2600 statim

566 2655 808 2720 magna
855 2656 1000 2703 cum
1048 2640 1358 2705 ubertate
1408 2639 1831 2705 describendi
1875 2637 2029 2703 inde
2077 2658 2117 2704 a
2164 2659 2222 2705 v.
2276 2641 2401 2704 309
2462 2641 2544 2704 ad
2593 2640 2831 2721 sidera,
2882 2657 3155 2719 quorum
3204 2659 3364 2705 usus

562 2746 700 2806 tum
763 2748 1009 2808 nautae
1055 2744 1270 2826 ignoti
1332 2743 1563 2826 fuerit,
1630 2746 2077 2809 enumeranda
2140 2744 2554 2826 aggreditur.
2622 2743 2807 2826 Quae
2846 2762 2991 2809 cum
3054 2744 3151 2809 ita
3214 2744 3367 2825 sint,

560 2844 732 2910 male
778 2845 940 2911 fecit
984 2848 1328 2930 PeiperuS,
1396 2847 1508 2929 qui
1577 2846 1726 2913 illos
1793 2866 2031 2913 versus
2093 2849 2457 2929 329—334,
2528 2848 2639 2927 qui
2706 2850 2785 2913 de
2851 2848 2992 2913 vita
3037 2847 3365 2912 hominum

564 2956 721 3016 ante
767 2950 1265 3034 navigationem
1333 2952 1676 3019 inventam
1741 2955 2058 3017 contenta
2122 2957 2301 3033 sunt,
2372 2970 2502 3016 non
2548 2971 2668 3017 suo
2713 2951 2857 3017 loco
2906 2957 3061 3017 ante
3110 2971 3169 3016 v.
3216 2954 3365 3032 335,

563 3054 677 3119 ubi
721 3057 891 3120 bene
940 3058 1279 3121 steterunt
1323 3076 1540 3137 neque
1589 3054 1887 3121 ordinem
1935 3056 2417 3120 sententiarum
2470 3056 2550 3120 ab
2604 3055 2883 3121 Horatio
2951 3058 3364 3137 desumptum

560 3161 1028 3242 turbaverunt,
1060 3159 1350 3225 intactos
1384 3160 1673 3243 reliquit,
1708 3163 1825 3226 sed
1859 3178 1973 3225 606
2004 3160 2127 3224 1100
2159 3160 2321 3241 1000,
2356 3158 2469 3225 11111
2502 3180 2583 3225 ex
2603 3159 2978 3226 Horatiana
2999 3160 3368 3225 imitatione

564 3266 634 3330 in
679 3265 805 3331 hoc
852 3264 1112 3330 cantico
1146 3269 1282 3328 tam
1317 3271 1551 3347 aperta
1585 3270 1767 3330 stare
1793 3285 1925 3331 non
1958 3266 2223 3347 debent,
2271 3265 2643 3332 collocavit.
2692 3266 2784 3328 At
2817 3266 2881 3327 in
2918 3263 3369 3344 descriptione

564 3369 856 3436 Siderum
901 3389 962 3436 V.
1011 3372 1134 3433 312
1194 3370 1467 3432 nondum
1528 3370 1784 3453 pluvias
1829 3406 1914 3415 —
1959 3370 2227 3455 Hyadas
2279 3379 2529 3455 poterat
2590 3371 2789 3430 vitare
2849 3370 3012 3430 ratis
3076 3369 3159 3432 ad
3206 3366 3367 3432 Hor.

560 3475 602 3539 1.
655 3494 707 3541 0.
752 3495 817 3542 V.
866 3478 948 3539 14
998 3472 1130 3536 Nec
1175 3476 1380 3535 tristes
1425 3466 1694 3559 Hyadas
1737 3496 1843 3537 1160
1888 3476 2128 3537 rabiem
2176 3473 2340 3537 Noti
2383 3491 2539 3537 esse
2578 3470 2975 3536 referendos
3023 3472 3151 3536 iam
3199 3470 3366 3537 vidit

564 3579 964 3661 Zingerlius.
1037 3576 1423 3658 Sequuntur
1469 3580 1646 3659 apud
1693 3577 2012 3643 Senecam
2080 3599 2141 3644 v.
2210 3580 2551 3643 313—315
2615 3598 2736 3639 non
2814 3575 3063 3639 Oleniae
3129 3576 3365 3635 lumina

565 3708 795 3770 caprae
818 3722 898 3730 —
920 3706 1022 3747 nec
1042 3707 1198 3769 quae
1217 3685 1499 3768 sequitur
1511 3682 1825 3769 flectitque
1855 3704 2035 3745 6611693
2054 3719 2141 3729 -
2160 3682 2374 3744 Attica
2403 3680 2627 3744 tardus
2649 3679 2946 3765 plaustra
2966 3680 3187 3740 Bootes
3218 3679 3365 3757 ete„

565 3787 637 3853 in
684 3806 815 3867 qua
863 3788 1308 3870 descriptione
1357 3788 1651 3853 ordinem
1696 3788 2137 3851 Horatianum
2183 3786 2223 3851 1.
2261 3805 2315 3850 0.
2366 3784 2796 3850 enumerandi
2827 3783 3105 3863 primum
3126 3785 3366 3847 ventos

567 3892 675 3980 (of.
721 3892 880 3957 Hor.
927 3891 968 3956 l.
1018 3911 1070 3956 o.
1120 3912 1182 3957 v.
1231 3896 1310 3957 12
1360 3912 1499 3974 sqq.
1565 3891 1697 3955 Nec
1760 3892 1969 3954 timuit
2026 3892 2439 3977 praecipitem
2484 3889 2787 3975 Africum
2837 3924 2925 3933 —
2968 3886 3368 3949 decertantem

567 3997 981 4083 Aquilonibus
1024 4034 1109 4043 —
1152 4020 1258 4060 1160
1303 4001 1508 4062 tristes
1541 3998 1808 4083 Hyadas
1851 4020 1957 4061 1160
1985 3984 2222 4059 r'abie‘m
2257 3994 2417 4059 Noti
2447 3994 2605 4080 eto.)
2654 3994 2907 4059 Seneca
2937 3990 3035 4055 ita
3065 3988 3371 4070 mutavit,

567 4107 644 4167 ut
689 4100 974 4183 primum
1021 4101 1267 4184 sidera,
1314 4102 1553 4167 deinde
1602 4106 1840 4168 ventos
1891 4100 2291 4180 nominaret3
2340 4098 2417 4163 cf.
2463 4118 2523 4165 v.
2558 4099 2920 4164 316-317.
2968 4094 3099 4159 Sed
3133 4110 3369 4159 versus

567 4208 932 4271 313—315·
983 4226 1112 4272 non
1179 4226 1261 4271 ex
1309 4206 1600 4271 carmine
1668 4208 1936 4287 saepius
1985 4208 2509 4284 commemoratO,
2575 4206 2694 4268 sed
2759 4220 2841 4265 ex
2886 4201 3046 4265 Hor.
3109 4196 3238 4263 ΙΠ.
3311 4201 3368 4261 1.

568 4313 826 4375 27-28
877 4310 1010 4375 Ν60
1055 4334 1277 4375 saevus
1323 4314 1669 4377 Arcturi
1731 4312 2012 4373 cadentis
2056 4347 2141 4355 —
2187 4312 2455 4393 impetus
2520 4319 2629 4370 aut
2676 4304 2955 4369 oriendis
3001 4301 3218 4365 Haedi
3262 4301 3375 4384 (ef.

569 4438 690 4480 non
747 4415 996 4479 Oleniae
1062 4416 1302 4479 lumina
1373 4433 1678 4495 caprae
1739 4438 1844 4477 nec
1892 4459 2160 4477 .....
2223 4410 2541 4494 Bootes)
2609 4411 2866 4476 Seneca
2930 4407 3374 4473 adumbravit.

572 4520 733 4586 Cum
778 4520 1100 4586 Horatius
1148 4522 1192 4587 l.
1243 4540 1293 4585 0.
1339 4540 1401 4585 v.
1455 4522 1710 4583 12—14
1756 4522 1897 4583 tres
1954 4522 2219 4582 ventos:
2286 4515 2601 4597 Africum,
2648 4514 3065 4595 Aquilonem,
3128 4511 3374 4575 Notum

571 4626 881 4708 nominet,
929 4627 1224 4693 Senecae
1288 4631 1476 4690 recte
1543 4623 1654 4690 vel
1719 4625 1844 4688 duo
1895 4623 2061 4689 satis
2127 4621 2255 4688 visi
2322 4626 2503 4686 sunt:
2567 4620 2822 4684 Boreas
2889 4620 2957 4681 et
3003 4615 3371 4697 Zephyrus.

570 4730 876 4810 Denique
925 4733 1009 4795 ad
1055 4752 1116 4797 V.
1168 4732 1512 4795 335—336
1559 4729 1702 4792 bene
1746 4728 2055 4811 dissaepti
2080 4728 2353 4811 foedera
2399 4726 2621 4788 mundi
2663 4760 2749 4769 -—
2795 4722 2997 4784 traxit
3062 4724 3128 4782 in
3174 4734 3373 4779 unum-

579 4833 878 4898 Tkessala
917 4837 1111 4920 pinus
1173 4835 1302 4900 iam
1349 4854 1388 4899 a
1433 4830 1954 4899 Mitscherlichio
2004 4836 2071 4896 et
2118 4833 2388 4895 Badeno
2456 4828 2700 4909 optime
2765 4825 3047 4890 collatos
3100 4816 3373 4887 Horatii
