3759 5400
1653 229 2083 290 -27-

462 355 691 466 bulum
736 421 944 486 capam
988 399 1057 464 in
1102 419 1163 468 v.
1213 403 1338 466 166
1385 403 1610 485 quique
1651 401 1945 480 capaci
1992 399 2275 484 (tm-bida
2320 400 2616 464 cumba
2658 397 2811 482 etc.)
2859 397 3155 463 Senecae
3198 397 3268 462 in
3325 469 3329 474 ,

463 510 688 571 mente
720 504 1121 571 remansisse
1166 502 1476 570 fortasse·
1523 523 1606 570 ex
1650 504 1814 570 Hor.
1861 501 1988 568 III.
2036 508 2101 568 1.-
2146 506 2227 569 16
2292 526 2465 567 omne
2510 520 2781 583 eumaeo
2840 511 3037 568 movet
3104 525 3271 565 urna

465 631 702 685 nomen,
752 609 1052 689 quamvis
1117 613 1186 678 et
1248 613 1493 674 natura
1541 607 1676 674 loci
1723 599 2234 673 et-vocabu'lum
2280 609 2497 671 cumba
2543 608 2898 672 ostendere
2954 597 3269 672 videatur

467 713 628 779 Hor.
673 713 762 778 II.
810 717 868 778 3.
919 715 1002 778 27
1049 731 1147 793 sq·
1191 735 1329 776 sors
1375 714 1630 776 emitura
1677 721 1733 774 et
1777 734 1889 774 nos
1932 714 2001 774 in
2048 721 2497 775 aeternum·—-
2542 697 2837 774 exsilium
2892 712 3269 795 impositura

471 819 828 882 cwmbae.
878 817 1088 882 Paulo
1137 815 1480 882 obscurior
1513 819 1632 880 -est
1673 813 1880 896 locuS‚
1927 817 2053 880 sed·
2092 816 2368 880 eandem
2388 813 2742 898 imaginem
2774 813 3071 879 continet
3114 813 3274 878 Hor.

457 919 561 986 .Π.
611 923 717 985 18.
757 921 839 986 3‘6
883 943 992 984 nec
1052 919 1294 984 satelles
1345 919 1504 982 Orci
1543 915 1651 1002 (-—-
1695 920 1765 983 in
1810 935 1872 985 V.
1921 921 2046 984 167
2094 919 2297 982 durus
2358 920 2528 985 aenio
2594 905 2839 982 navita
2878 917 3143 996 crudus)
3190 953 3279 964 ——

473 1023 768 1088 callidum
813 1025 1184 1088 Promethea
1235 1059 1306 1074 --
1355 1025 1680 1088 revomit·
1715 1045 1875 1086 auro
1920 1033 2159 1108 captus.
2208 1021 2621 1089 Vocabulum
2662 1021 2855 1107 yleba-
2883 1021 2953 1086 in
2999 1023 3129 1086 156
3161 1043 3279 1084 non

473 1151 634 1191 rura
662 1130 868 1192 virent
895 1122 1075 1192 ubere
1099 1127 1310 1212 ytebae
1338 1126 1486 1209 pari
1509 1128 1698 1193 modo
1731 1127 2100 1192 adhibitum
2131 1132 2237 1192 est
2266 1127 2335 1192 in
2353 1127 2513 1192 Hor.
2546 1127 2747 1208 epod·
2767 1127 2867 1190 16.
2900 1125 3281 1208 55Piro9aia

476 1255 582 1294 nec
624 1233 810 1297 siccis
853 1240 1128 1296 urantur
1171 1234 1412 1295 semina
1453 1231 1665 1315 ylebis.
1722 1278 1729 1284 -
2030 1255 2036 1260 ·

1697 1541 2059 1652 Oedipus

567 1753 668 1818 Π.
741 1751 1210 1818 canticum
1255 1769 1336 1816 v.
1375 1751 1822 1819 403-508
1856 1751 2153 1816 variis·
2180 1751 2504 1817 metris
2552 1739 3201 1834 compositum.

693 1942 932 2010 Totum
975 1942 1101 2006 hoc
1148 1940 1442 2008 Senecae
1491 1941 1824 2008 canticum
1869 1942 2205 2007 Bacchum
2264 1941 2613 2008 celebrans
2678 1944 3141 2008 adumbratum
3186 1943 3293 2004 est

483 2065 567 2111 ex
613 2044 905 2110 carmine
975 2047 1253 2110 eandem
1316 2063 1455 2111 rem
1520 2049 1860 2111 tractante
1924 2045 2193 2113 Horatii
2235 2044 2325 2112 II.
2373 2049 2454 2110 19
2501 2047 2621 2110 sed
2666 2045 2783 2126 ita,
2846 2050 2923 2110 ut
2966 2044 3287 2110 nonnulla

487 2150 690 2216 etiam
736 2169 820 2216 ex
849 2149 998 2224 aliis
1047 2149 1450 2218 carminibus
1497 2156 1762 2231 sumpta
1808 2167 1955 2218 esse
2002 2150 2375 2216 videantur.

690 2253 988 2320 Primum
1051 2253 1390 2325 sententia
1453 2273 1516 2320 v.
1589 2255 1720 2320 404
1795 2255 2272 2336 comprehensa
2304 2315 2311 2319 ,
2344 2254 2561 2317 mollia
2628 2253 2901 2339 Nysaea&
2978 2252 3295 2317 armati
3347 2313 3360 2325 ,

491 2360 788 2422 bracchia
833 2360 1068 2444 thyrsis
1111 2363 1424 2439 spectare
1486 2359 1756 2424 videtur
1802 2360 1891 2423 ad
1951 2358 2220 2436 Horatii
2284 2357 2593 2424 carminis
2641 2377 2909 2425 versum
2966 2356 3057 2422 II.
3107 2357 3208 2421 19.
3254 2357 3293 2420 8

487 2465 702 2543 euhoe,
734 2485 932 2548 parce
977 2462 1182 2538 Liber,
1244 2486 1435 2548 parce
1474 2464 1665 2546 qravi
1703 2467 2145 2528 metumzde
2184 2464 2415 2548 thyr30‚
2478 2481 2647 2527 nam.
2676 2463 3015 2528 Bacchum
3058 2443 3291 2542 thyrso

493 2566 777 2650 impacto
841 2565 1170 2632 insaniam
1233 2585 1484 2650 augere
1555 2565 1866 2646 antiquos
1944 2566 2311 2632 credidisse
2378 2571 2660 2632 constat.
2749 2566 3012 2632 Deinde
3087 2564 3299 2630 verba

494 2669 760 2738 Horatii
824 2669 1148 2752 Simplicia
1207 2669 1298 2737 II.
1347 2674 1446 2736 19.
1494 2672 1576 2736 16
1641 2681 1901 2741 cantare
1958 2672 2124 2735 mihi
2168 2672 2295 2757 fas
2363 2681 2451 2737 est
2500 2722 2513 2735 .
2566 2722 2582 2737 .
2635 2722 2649 2736 .
2702 2673 2965 2734 mitium
3030 2669 3303 2755 Lycurqi

495 2774 754 2841 Seneca
805 2791 867 2843 V.
912 2776 1038 2839 471
1102 2774 1538 2856 amplificavit
1593 2797 1787 2859 regma
1830 2778 2175 2859 securiqeri
2218 2774 2540 2841 Bacch'um
2583 2798 2824 2839 sensere
2891 2774 3167 2861 Lycuryi
3233 2776 3301 2837 61

500 2879 744 2945 ibidem
787 2880 986 2962 paulo
1034 2884 1190 2945 61116
1238 2899 1300 2946 V.
1347 2883 1432 2945 14
1475 2890 1750 2965 tectaque
1795 2880 2055 2945 Penthei
2116 2881 2373 2945 disiecta
2416 2902 2539 2943 non
2578 2880 2727 2943 ‘lem'
2757 2882 2980 2943 ,ruina
3034 2878 3301 2943 Thracis

493 2983 789 3055 reddidit
832 3004 895 3051 v.
927 2986 1058 3048 442
1104 2987 1236 3047 iam
1272 2995 1418 3069 post
1465 2984 1700 3050 laceros
1747 2985 2059 3049 Pentheus
2100 2996 2299 3049 artus.
2344 2984 2560 3049 Maior
2597 2988 2821 3050 autem
2866 2987 2973 3049 est
3018 2980 3299 3046 imitatio

494 3087 762 3153 Horatii
805 3106 1119 3155 versuum
1148 3086 1241 3159 ΙΙ.
1269 3084 1370 3152 ’19.
1394 3090 1668 3171 10-12,
1691 3107 1862 3168 quae
1896 3092 2120 3154 exstat
2164 3089 2235 3154 in
2266 3088 2561 3154 Senecae
2593 3088 2901 3154 versibus
2932 3086 3301 3167 491—496,

503 3207 668 3269 quos
715 3190 1064 3270 utriusque
1111 3194 1352 3271 poetae
1401 3194 1880 3273 comparandos
1926 3192 2059 3257 iam
2104 3192 2512 3257 adscribam:

705 3293 867 3359 Hor.
897 3293 987 3360 II.
1023 3297 1124 3359 19.
1159 3296 1413 3360 10-12
1444 3297 1696 3380 vinique
1707 3295 1962 3379 fontem
1994 3292 2175 3359 lactis
2202 3306 2259 3359 et
2287 3294 2499 3360 uberes
2520 3332 2601 3343 —-
2622 3306 2879 3359 cantare
2908 3297 3081 3358 rivos
3122 3302 3307 3378 atque

498 3400 736 3460 truncis
779 3434 863 3444 —
911 3398 1093 3483 lapsa
1137 3400 1311 3462 cavie
1353 3401 1588 3463 iterare
1629 3396 1832 3464 mella.

709 3500 858 3567 8611.
926 3510 989 3568 V.
1055 3504 1401 3569 491-496
1472 3503 1722 3587 pumice
1783 3525 1861 3566 ex
1932 3505 2090 3567 sicco
2159 3540 2235 3551 —
2302 3503 2507 3587 fluoeit
2571 3500 2893 3589 Nyctelius
2956 3502 3155 3580 Zateoe‚·
3222 3534 3306 3550 —-·

495 3606 751 3690 qarruli
789 3628 1046 3691 qramen
1105 3629 1348 3671 secuere
1409 3608 1556 3681 rivi,
1605 3642 1690 3653 --
1737 3608 2005 3671 conbibit
2046 3606 2255 3671 dulces
2300 3610 2515 3671 humo-3
2558 3604 2693 3671 alta
2738 3628 2953 3671 succos
2981 3641 3067 3651 —
3110 3606 3307 3668 nivei-

503 3732 615 3795 que
665 3708 846 3773 lactis
891 3710 1194 3775 candidos
1233 3712 1454 3794 fontes
1498 3749 1584 3759 -
1629 3721 1686 3775 et
1727 3714 1933 3775 mae'oeta
1978 3712 2171 3776 odoro
2219 3710 2446 3780 Lesbia
2491 3732 2631 3774 cum
2675 3712 2899 3795 thymo,
2942 3708 3055 3775 Ita
3101 3709 3311 3774 Verba

501 3813 770 3879 Horatii
833 3813 1159 3895 simplicia
1207 3813 1464 3881 Seneca
1528 3818 1860 3899 augenda·
1903 3815 2032 3882 sibi
2097 3834 2248 3885 esse
2310 3813 2741 3897 existimavit,
2817 3819 2892 3879 ut
2954 3812 3067 3881 vel
3111 3830 3309 3879 voces

501 3916 684 3983 illius
730 3918 1087 3997 retineret;
1150 3920 1560 4001 respondent
1607 3924 1831 3987 autem
1890 3920 2157 4002 singula
2213 3918 2391 3985 inter
2438 3936 2511 3984 se
2566 3919 2693 3983 ita:
2758 3920 3048 4003 vinique·
3062 3916 3313 4002 fontem

507 4022 752 4107 (Hor.),
781 4022 986 4106 fluoeit
1033 4020 1361 4109 Nyctelius
1408 4021 1578 4089 Zateoe
1622 4023 1860 4109 (8611),
1920 4024 2105 4089 lactis
2158 4034 2216 4087 et
2277 4025 2491 4087 uberes
2552 4032 2807 4089 cantare
2864 4023 3035 4085 rivos
3081 4019 3315 4103 (Heu),

505 4127 790 4211 niveique
835 4127 924 4211 (J)
973 4127 1152 4191 lactis
1181 4128 1482 4192 candidos
1515 4129 1606 4213 (J)
1637 4129 1862 4211 fontes
1894 4128 2130 4213 (Sem),
2174 4129 2417 4215 truncis
2463 4126 2645 4213 lapsa
2676 4130 2849 4193 cavis
2880 4130 3113 4189 iterare
3130 4121 3315 4190 mella

509 4229 755 4316 (Hor.)‚
798 4232 1002 4295 miaeta
1057 4231 1249 4295 odoro
1298 4231 1522 4299 Lesbia
1567 4254 1708 4295 cum
1773 4232 1981 4317 thymo
2030 4230 2260 4318 (Sem).
2304 4231 2559 4297 Versus
2628 4236 2852 4297 autem
2896 4232 3021 4295 491
3074 4228 3319 4315 pumice

513 4356 588 4395 eae
649 4336 806 4399 ‚sicco
871 4334 1037 4401 nulli
1102 4335 1366 4416 quidem
1435 4336 1702 4402 Horatii
1764 4338 2197 4417 respondens*
2244 4334 2539 4403 fabulam
2600 4335 2784 4403 illam
2858 4333 3099 4419 tangit,
3180 4349 3311 4413 qua

513 4437 842 4503 Baccham
903 4439 1193 4520 aliquam
1249 4458 1482 4507 saxum
1548 4442 1782 4523 thyrso
1847 4441 2228 4523 pulsantem
2301 4440 2444 4507 vini
2505 4439 2791 4522 fontem,‘
2838 4438 3017 4505 alias·
3083 4435 3312 4519 digitis

513 4545 764 4606 terram
811 4542 1196 4625 sculpentes
1243 4542 1350 4607 lac
1396 4542 1732 4625 elicuisse,
1775 4544 2062 4624 denique
2109 4544 2239 4611 mel
2268 4562 2533 4625 quoque
2564 4563 2649 4610 ex
2678 4543 2931 4626 thyrsis
2980 4538 3319 4607 effluxisse

517 4644 775 4725 antiqui
819 4649 1204 4715 narrabant.
1249 4647 1352 4712 De
1398 4647 1635 4713 iisdem
1678 4647 1876 4713 lactis
1927 4653 1996 4713 et
2040 4648 2180 4715 vini
2242 4648 2537 4717 fontibus
2584 4647 2911 4728 melleque
2952 4645 3026 4712 in
3071 4650 3322 4713 terram

516 4748 851 4817 defluente
898 4750 1200 4817 conferas
1249 4755 1318 4817 et
1345 4749 1674 4817 ‘Ovidium
1719 4755 1979 4818 metam.
2040 4752 2095 4819 Ι.
2141 4755 2263 4819 111
2314 4770 2409 4833 sq.
2449 4752 2731 4836 flumina
2792 4754 2925 4815 iam
2970 4750 3149 4817 lactis
3190 4750 3323 4816 iam

509 4852 776 4933 flumina
819 4854 1088 4935 nectaris
1130 4856 1304 4919 ibant
1341 4892 1428 4905 —-
1455 4854 1756 4937 flauaque
1798 4854 1876 4919 de
1920 4857 2123 4921 viridi
2162 4854 2481 4921 stillabant
2524 4855 2663 4919 ilice
2704 4851 2909 4919 mella.
3042 4922 3055 4933 „
