3759 5400
1712 204 2147 266 ...22-

517 379 748 442 &uma
791 379 1060 442 recurrit
1105 379 1290 440 iners.
1341 373 1534 457 Quod
1559 379 1701 439 tam
1741 373 2065 440 'celeriter
2124 375 2553 457 pulchritudo
2600 376 2967 462 evanescit,
3030 378 3343 444 conferas

523 485 692 551 Hor.
729 486 846 553 IV.
895 489 1000 551 13.
1051 488 1132 550 17
1165 502 1308 564 sqq.
1368 483 1508 558 Quo
1537 483 1719 568 fuqit
1763 505 1969 560 venus,
2018 485 2155 563 heu,
2202 506 2393 570 quove
2436 482 2653 548 color?
2694 486 2915 550 decens
2940 504 3056 567 quo
3098 485 3345 546 motus?

525 594 601 654 et
655 589 810 656 Sen.
873 607 939 656 V.
1003 589 1346 654 769—772
1409 596 1468 650 et
1523 597 1748 671 yratae
1807 589 2011 672 capiti
2068 586 2361 669 deficiunt
2404 611 2612 652 comae
2653 625 2737 636 -—-
2776 600 2832 652 et
2860 586 3091 674 fulqor
3116 592 3345 652 teneris

521 694 636 777 qui
673 693 892 757 radiat
931 693 1106 779 yonis
1148 727 1238 742 -—-
1266 701 1571 755 momento
1613 692 1873 775 rapit-mr
1916 687 2205 774 nullaque
2246 714 2368 756 non
2410 692 2551 755 dies
2592 729 2681 740 -
2708 693 3037 778 formonsi
3044 737 3049 742 -
3074 691 3345 776 spolium

523 803 811 883 eorporis
854 795 1130 861 abstulit.
1179 794 1435 878 Quibus
1480 794 1710 862 verbis
1756 812 1961 860 unum
2024 794 2293 860 Horatii
2356 813 2623 861 carmen
2667 833 2755 845 —-
2824 799 2911 862 ad
2948 794 3343 880 Ligurinum

525 900 646 968 IV.
691 904 776 968 10
822 901 968 967 dico
1013 937 1100 950 —-
1147 899 1406 966 Seneca
1451 898 1868 980 excerpsisse
1900 898 2013 965 vel
2054 899 2280 981 potius
2302 917 2506 964 -more
2551 899 2929 982 philosophi
2972 900 3344 966 reddidisse

529 1005 694 1072 mihi
735 1007 1022 1074 videtur.
1067 1004 1148 1070 In
1189 1022 1273 1070 eo
1319 1003 1632 1086 carmine,
1679 1005 1854 1083 quod
1902 1003 2763 1088 adscribere-supersedeo,
2830 1005 3146 1071 simillimi
3189 1011 3347 1072 sunt

523 1110 599 1176 hi
666 1127 908 1177 Versus
970 1109 1087 1176 IV.
1153 1111 1257 1177 10.
1313 1111 1352 1173 2
1401 1119 1458 1172 et
1517 1130 1678 1192 qaae
1735 1130 1900 1172 nunc
1956 1108 2192 1172 umeris
2255 1109 2601 1184 involitant,
2670 1109 3017 1174 deciderint
3070 1129 3352 1175 comae

525 1213 641 1300 (of.
690 1213 842 1280 Sen.
885 1233 950 1280 V.
1005 1215 1132 1278 769
1197 1222 1252 1276 et
1311 1223 1534 1296 yratae
1597 1211 1799 1297 capiti
1858 1211 2147 1294 deficiunt
2209 1211 2515 1296 comae)
2584 1216 2654 1277 et
2717 1233 2782 1279 V.
2826 1215 2957 1279 770
3020 1226 3077 1278 et
3122 1211 3351 1299 fulqor

529 1320 760 1384 teneris
813 1319 926 1402 qui
980 1317 1200 1381 radiat
1261 1319 1501 1399 aenis
1563 1352 1655 1366 —
1715 1326 2014 1380 momento
2074 1317 2335 1401 rapitur
2394 1321 2465 1381 et
2530 1316 2647 1382 IV.
2694 1318 2795 1382 10.
2842 1319 2881 1381 8
2934 1315 3027 1382 vel
3086 1339 3195 1381 ew·
3253 1319 3352 1381 his

533 1424 770 1489 animis
832 1419 1163 1486 incolumes
1223 1444 1345 1486 nort
1405 1421 1668 1485 redeunt
1710 1419 2013 1502 aenae?
2061 1419 2344 1503 singulis
2402 1438 2667 1500 quoque
2714 1421 2991 1488 vocibus
3049 1422 3352 1487 retentis.

533 1527 859 1594 Conferas
929 1525 1129 1592 etiam
1194 1525 1357 1591 Hor.
1405 1526 1596 1607 epod.
1669 1526 1774 1590 17.
1835 1527 1915 1588 21
1971 1524 2155 1609 fuqit
2200 1527 2485 1588 iuventus
2530 1536 2588 1588 et
2632 1526 3013 1590 veremudus
3060 1523 3228 1590 color
3270 1563 3353 1572 —-

528 1629 790 1716 reliquit
856 1653 970 1694 ora
1011 1627 1172 1716 pelle
1217 1629 1448 1694 amicta
1495 1625 1727 1692 lurida.
1788 1628 1898 1692 Ad
1975 1648 2038 1696 V.
2106 1630 2233 1694 773
2294 1653 2399 1692 res
2460 1640 2549 1692 est
2602 1630 2831 1715 forma-
2884 1632 3162 1712 fuyaoe
3223 1629 3354 1695 iam

531 1733 908 1819 Zingerlins
977 1734 1328 1800 adnotavit
1386 1732 1552 1799 Hor.
1619 1731 1710 1797 Π.
1777 1734 1878 1796 11.
1928 1737 1968 1796 5
2033 1751 2131 1814 sq.
2181 1736 2418 1816 suffit
2476 1745 2645 1798 retro
2707 1772 2791 1783 ——
2858 1732 3007 1798 levis
3067 1735 3359 1798 iuventas

537 1852 596 1904 et
641 1840 843 1903 decor.

745 1943 827 2008 In
857 1947 1051 2007 tanta
1113 1938 2063 2006 sententiarumsimilitudine
2084 1939 2196 2006 vel
2228 1939 2573 2020 aequitate
2592 1941 2960 2022 permultas
2994 1942 3362 2008 simillimas

537 2049 894 2116 verborum
927 2044 1427 2112 coniunctiones
1459 2045 1637 2125 apud
1667 2048 2023 2124 utrumque
2046 2048 2311 2124 poetam
2341 2043 2631 2110 inveniri
2661 2044 2775 2112 vix
2806 2045 3040 2112 mirum
3071 2047 3358 2113 videtur.

539 2152 684 2217 Iam
748 2150 938 2216 initio
1004 2148 1249 2215 cantici
1293 2167 1355 2215 v.
1424 2149 1550 2212 738
1614 2149 1840 2212 ocior
1896 2149 2154 2212 nubes
2214 2151 2723 2229 ylomeroente
2772 2152 2975 2216 Coro
3043 2157 3150 2216 est
3194 2151 3363 2216 mira

543 2253 909 2321 similitudo
975 2271 1121 2318 cum
1184 2252 1345 2318 Hor.
1391 2250 1483 2316 Π.
1542 2254 1644 2315 16.
1703 2253 1786 2316 23
1851 2253 2077 2316 ocior
2120 2255 2383 2317 cer-vis
2438 2260 2516 2316 et
2560 2262 2849 2334 ayente
2908 2257 3235 2322 nimbos
3275 2292 3367 2306 —

541 2361 772 2425 ocior
813 2359 1072 2424 Euro,
1126 2356 1381 2422 Versus
1427 2360 1652 2420 autem
1697 2358 2043 2420 744-752
2088 2378 2229 2418 eum
2272 2379 2417 2419 suos
2455 2359 2593 2440 {qne
2638 2405 2858 2422 .....
2895 2359 3156 2444 Lucifer
3199 2361 3361 2424 idem

543 2463 745 2544 plane
799 2461 1228 2526 adumbratos
1285 2465 1490 2540 atque
1535 2458 1973 2541 amplificatos
2022 2477 2171 2525 esse
2218 2479 2303 2526 ex
2367 2461 2531 2526 Hor.
2579 2463 2765 2543 epod.
2814 2465 2913 2527 15.
2981 2466 3016 2526 1
3068 2481 3163 2543 sq.
3212 2463 3368 2526 Noae

547 2576 687 2631 crat
717 2569 788 2631 et
819 2562 990 2629 caelo
1031 2562 1312 2648 fulqebat
1357 2563 1544 2627 Luna
1589 2586 1802 2628 sereno
1831 2601 1918 2614 —
1939 2567 2111 2628 ‚inter
2139 2567 2389 2628 minora
2420 2565 2629 2628 sidera
2662 2566 2966 2651 intellegi
3012 2574 3237 2649 potest
3284 2587 3369 2633 ex

545 2669 774 2739 verbis
817 2669 982 2735 inter
1023 2669 1278 2735 minora
1336 2668 1572 2751 sidera,
1639 2686 1809 2748 quae
1873 2685 2022 2733 cum
2066 2686 2129 2734 v.
2179 2671 2305 2734 748
2372 2691 2481 2732 nec
2542 2680 2740 2734 tenent
2782 2675 3068 2737 stellae
3116 2671 3370 2757 faeiem

547 2778 922 2841 mmm-es
965 2778 1370 2857 congruunt3
1418 2770 1722 2839 conferas
1770 2776 1840 2837 et
1887 2772 2048 2837 Hor.
2112 2771 2166 2838 I.
2218 2776 2319 2837 12.
2368 2776 2452 2839 47
2516 2772 2677 2837 velut
2720 2775 2883 2839 inter
2929 2778 3166 2857 ique-s
3224 2773 3370 2839 luna

550 2882 949 2945 mammes.
979 2876 1427 2943 Imitationem
1459 2874 1526 2940 in
1548 2874 1876 2958 versibus,
1913 2875 2025 2956 qui
2057 2882 2447 2958 sequuntur,
2482 2877 2612 2942 iam
2639 2895 2837 2959 supra
2858 2881 3373 2945 demonstratam

553 2981 977 3049 manifestam
1019 2981 1241 3047 reddit
1286 2982 1647 3049 verborum
1693 2979 2073 3046 coniunctio
2116 2984 2328 3046 dum
2374 2983 2561 3047 lieet
2603 2982 2672 3049 in
2718 3002 2781 3050 v.
2830 2986 2976 3066 774,
3025 3002 3222 3064 quam
3268 3003 3373 3049 co-

553 3086 870 3154 hortandi
901 3104 1103 3151 causa
1134 3104 1347 3166 aeque
1389 3084 1663 3151 adhibet
1693 3084 2019 3151 Horatius
2050 3083 2139 3149 11.
2176 3088 2278 3151 11.
2315 3088 2416 3168 16,
2447 3085 2561 3152 IV.
2596 3090 2698 3152 12.
2733 3090 2845 3169 26;
2892 3094 3019 3153 sat.
3052 3088 3140 3153 Π.
3175 3092 3234 3154 6.
3270 3092 3373 3153 96.

554 3192 846 3258 Versum
875 3191 1001 3254 797
1031 3186 1253 3252 'lucebit
1279 3191 1546 3255 Pario
1573 3208 2005 3253 mar-more
2048 3191 2366 3255 elarius
2409 3189 2606 3271 plane
2653 3192 3031 3273 desumpsit
3050 3198 3251 3274 poeta
3294 3210 3381 3257 ex

555 3296 725 3362 Hor.
769 3294 825 3360 Ι.
873 3294 992 3359 19..
1024 3294 1064 3359 6
1109 3289 1481 3377 splendentis
1522 3294 1781 3357 Pario
1823 3312 2252 3359 marmore
2296 3297 2638 3374 clarius,
2685 3314 2879 3375 quam
2944 3295 3383 3362 imit-ationem

560 3402 693 3467 iam
738 3395 1117 3481 Zingerlius
1163 3395 1584 3463 monstravit.
1630 3396 1888 3462 Versus
1934 3400 2060 3463 801
2110 3396 2286 3460 illum
2342 3400 2650 3462 caesaries
2702 3407 2904 3463 nescia
2948 3397 3158 3485 eollv‘yi
3206 3400 3383 3465 idem

565 3502 911 3589 siguificat.
949 3501 1124 3581 quod
1168 3498 1437 3565 Horatii
1481 3498 1536 3565 Ι.
1585 3501 1688 3566 12.
1735 3503 1816 3565 41
1866 3501 2195 3586 incomptis
2246 3500 2511 3565 Curium
2556 3501 2823 3588 capillis.

741 3604 954 3672 Venio
973 3605 1104 3673 iam
1122 3607 1206 3673 ad
1227 3622 1447 3687 voceS,
1460 3622 1625 3684 quas
1646 3604 1948 3689 singulas
1961 3605 2279 3671 Annaeus
2304 3607 2386 3672 ab
2399 3606 2679 3675 Horatio
2693 3609 2803 3676 vel
2821 3610 3019 3692 plane
3039 3614 3383 3676 mutuatus

570 3716 678 3778 est
697 3710 809 3781 vel
839 3710 1066 3791 aliqua
1086 3729 1170 3777 ex
1199 3714 1395 3791 parte
1429 3708 1875 3775 commutavit.
1910 3708 2063 3774 Huc
2084 3708 2425 3789 pertinent
2448 3710 2517 3775 in
2536 3732 2599 3777 v.
2633 3716 2762 3780 765
2794 3738 2869 3777 ac
2894 3716 3087 3779 mitra
3108 3714 3387 3779 cohibens

567 3815 1104 3895 corariam-mn
1153 3825 1362 3899 eaput,
1418 3814 1594 3894 quod
1632 3813 2007 3895 epitheton,
2033 3813 2231 3894 paulo
2265 3814 2680 3883 immutatum
2720 3819 3081 3900 sumpsisse
3119 3818 3391 3888 videtur

571 3936 657 3985 ex
685 3916 846 3987 Hor.
875 3916 964 3983 II.
986 3920 1088 3985 19.
1124 3919 1209 3983 30
1237 3929 1295 3984 te
1311 3917 1486 3985 ,vidit
1513 3919 1727 3984 inson's
1756 3914 2058 3982 Cerberus
2090 3936 2347 3983 wareo
2376 3938 2640 3987 corma
2668 3924 3080 3989 decoram.
3126 3920 3391 3989 Deinde

573 4018 882 4087 conferas
936 4020 1008 4085 in
1052 4040 1112 4086 v.
1159 4023 1288 4086 765
1331 4021 1596 4085 aestatis
1641 4023 1968 4087 calidae
2008 4021 2315 4105 despoliat
2358 4045 2557 4108 vapor
2619 4024 2997 4107 mitIgatum
3045 4027 3390 4109 epitheton

577 4134 702 4207 p'ro
736 4136 836 4207 eo,
881 4125 1054 4204 quod
1081 4122 1469 4191 'invenimus
1500 4124 1662 4193 Hor.
1707 4123 1763 4189 Ι.
1796 4127 1900 4190 17.
1936 4127 1977 4189 2
2006 4128 2350 4207 ‘lyncum
2379 4128 2660 4212 defendit
2704 4137 3015 4194 aestatem.
3060 4130 3143 4197 In
3190 4149 3393 4203 versu

575 4231 946 4310 praeeunte
991 4251 1113 4294 non
1155 4230 1250 4291 sie
1282 4238 1486 4313 prata
1515 4250 1671 4293 novo
1699 4246 1892 4295 vere
1926 4229 2210 4295 decentia
2254 4232 2770 4315 substantivum,
2820 4234 3393 4315 apud-Horatium

579 4332 652 4399 in
697 4330 1044 4406 enuntiato
1077 4333 1356 4401 eandem
1388 4331 1792 4420 sententiam
1824 4331 2235 4415 exprimente
2282 4334 2683 4404 adiectivum
2729 4337 3021 4402 occurrit
3065 4336 3153 4403 Π.
3202 4342 3303 4403 11.
3354 4341 3396 4403 9

581 4460 704 4502 non
746 4458 989 4522 semper
1032 4436 1211 4501 idem.
1223 4435 1502 4519 floribus
1547 4446 1634 4500 est
1681 4438 1889 4500 honor·
1921 4441 2232 4505 vernis.
2276 4438 2583 4520 Denique
2650 4440 2943 4507 carmina
2986 4442 3396 4525 Thessalica,

583 4560 756 4622 quae
801 4545 1395 4608 commemorantur
1437 4552 1514 4608 V..
1537 4542 1659 4607 791
1695 4551 1963 4605 tractam
2003 4541 2381 4609 Thessalicis
2424 4545 2809 4611 carminibus
2836 4549 2989 4631 rati,
3034 4546 3195 4613 nota
3240 4552 3400 4613 Sunt

584 4663 673 4711 ex
717 4644 879 4711 Hor.
925 4646 1113 4727 epod.
1163 4646 1222 4718 5,.
1263 4646 1372 4727 45,
1415 4647 1522 4715 17.
1569 4648 1643 4725 43
1691 4645 1881 4727 epist.
1928 4646 2017 4729 Π.
2066 4649 2122 4713 2.
2168 4650 2315 4714 209.
