3759 5400
534 360 799 444 attinet,
847 359 1090 425 similia
1147 363 1306 424 sunt
1349 358 1419 425 in
1465 377 1526 426 v.
1578 361 1700 422 177
1747 359 1842 422 bie
1882 358 2199 421 turbatam
2246 360 2662 438 sanquine
2703 359 3029 422 Dircen
3070 361 3141 422 et
3182 357 3341 422 Hor.

533 463 660 530 III.
709 465 810 529 13.
855 466 894 529 5
943 481 1039 544 sq.
1074 485 1222 526 nam
1244 461 1478 548 yelidos
1510 462 1743 544 inficiet
1777 462 2215 527 tibi—rubor
2244 463 2662 542 sanquine
2699 463 2959 540 rivom
3003 481 3065 527 V.
3096 464 3219 526 138
3246 481 3341 542 sq.

528 571 749 654 patuit
791 566 906 632 sub
949 570 1077 631 ictu
1124 603 1204 614 -
1243 567 1545 651 ponderis
1587 565 1758 629 vasti
1821 565 2100 629 resoluta
2126 567 2424 630 cervia}
2479 569 2548 628 et
2591 563 2717 629 III.
2788 568 2891 630 23.
2945 568 3022 630 12
3090 569 3342 630 victima

527 672 893 758 pontificum
931 693 1172 734 secures
1206 671 1513 735 cervice
1542 672 1799 754 tinquet,
1835 669 2073 750 quibus
2106 670 2175 734 in
2209 667 2528 749 exemplis
2568 668 2678 734 vel
2703 686 2902 734 voces
2934 669 3339 735 Horatianas

536 776 793 842 Seneca
839 773 1137 841 retinuit.
1185 773 1488 853 Denique
1545 790 1788 855 omnes,
1859 772 1973 853 qui
2018 773 2173 838 inde
2222 791 2262 837 a
2327 792 2388 839 v.
2458 774 2581 837 136
2631 777 3020 856 sequuntur,
3083 792 3341 855 versuS,

537 879 776 961 quibus
832 878 1226 945 sacrificium
1274 875 1694 958 describitur,
1728 876 1975 958 sumpti
2008 895 2156 942 esse
2203 881 2483 958 possunt
2530 895 2613 942 ex
2646 877 2807 941 Hor.
2854 876 2943 942 II.
2978 881 3077 942 14.
3123 882 3163 941 5
3196 896 3338 959 sqq.

539 982 686 1048 Non
731 983 794 1048 si
847 985 1109 1048 trecenis
1149 993 1442 1067 quotquot
1485 993 1630 1045 eunt
1675 981 1828 1060 dies,
1877 982 2098 1061 amice,
2133 981 2349 1066 places
2393 979 2917 1046 inlacrimabilem
2950 1019 3030 1030 —
3064 982 3341 1046 Plutona

535 1091 744 1152 tauris
794 1091 921 1154 etc·
967 1086 1138 1152 Item
1185 1085 1468 1152 materia
1516 1087 1599 1151 ad
1645 1105 1706 1152 V.
1758 1087 2102 1151 133—148
2138 1087 2363 1170 prima
2425 1087 2521 1148 vis
2565 1085 2789 1148 tardas
2833 1086 3030 1171 tetigit
3075 1086 3343 1151 bidentes

547 1242 818 1259 .....
866 1191 1110 1255 tabidos
1172 1191 1334 1254 inter
1376 1193 1651 1253 moriens
1696 1187 2011 1273 iuvencos)
2084 1193 2152 1254 et
2198 1207 2261 1256 V.
2313 1192 2657 1254 156—158
2706 1191 2855 1273 (non
2919 1212 3081 1254 rura
3144 1191 3342 1255 virent

535 1298 726 1361 ubere
766 1296 995 1382 ρῑεόαε,
1043 1333 1124 1342 —-
1173 1317 1295 1358 non
1314 1295 1508 1381 plena
1541 1317 1654 1359 suo
1687 1296 1834 1358 vitis
1863 1295 2108 1357 Baccho
2140 1327 2223 1340 —-
2254 1293 2547 1357 bracchia
2578 1295 2829 1378 curvat)
2864 1296 3341 1375 componendos
3434 1287 3441 1290 ’

540 1406 807 1483 sumpta
852 1418 1000 1466 esse
1048 1399 1314 1466 videtur
1358 1418 1440 1463 ex
1472 1400 1631 1465 Hor.
1663 1397 1788 1463 ΙΙΙ.
1836 1401 1939 1463 23.
1990 1400 2160 1462 5-8
2207 1417 2314 1461 nec
2330 1398 2718 1483 pestilentem
2763 1400 2980 1490 sentiet
3042 1398 3340 1483 Africum

541 1543 626 1552 —
657 1508 1032 1588 fecunda
1073 1505 1273 1569 vitis
1336 1501 1446 1590 (cf.
1483 1502 1634 1570 Sen.
1682 1505 1807 1568 157
1874 1526 1992 1566 non
2025 1506 2291 1584 plena
2354 1521 2506 1568 suo
2566 1505 2764 1568 vitis
2822 1505 3145 1569 Baccho
3172 1503 3342 1587 etc.)

542 1634 649 1674 nec
693 1611 962 1673 sterilem
1005 1631 1173 1694 &eyes
1217 1645 1303 1654 -——
1347 1609 1686 1694 robiyinem
1733 1605 1844 1692 (cf.
1891 1605 2041 1672 Sen.
2090 1609 2215 1671 156
2260 1629 2381 1672 non
2425 1629 2589 1670 rura
2633 1609 2835 1671 virent
2878 1609 3067 1672 ubere
3104 1609 3339 1693 ylebae)

537 1726 650 1780 aut
695 1707 904 1778 dulces
948 1713 1195 1776 alumni
1239 1712 1343 1798 (cf.
1392 1712 1542 1778 Sen.
1589 1715 1933 1778 145—148
1982 1712 2274 1774 incubant
2318 1713 2493 1797 ayrie
2530 1710 2798 1796 pecudes
2839 1712 3092 1775 relictae
3139 1762 3197 1776 ..
3243 1763 3256 1776 .
3290 1763 3340 1777 ..

435 1855 446 1868 ·
543 1819 790 1884 tabidos
833 1819 998 1882 inter
1040 1821 1311 1883 moriens
1339 1800 1676 1899 iuvencos).
1712 1853 1795 1864 —-
1816 1816 2139 1901 pomifero
2165 1839 2358 1901 grave
2388 1825 2630 1901 tempus
2660 1837 2846 1880 anne.
2896 1813 3343 1882 Conferantur

539 1943 683 1990 cum
749 1943 812 1990 v.
886 1925 1227 1988 145—148
1298 1922 1497 1987 etiam
1564 1920 1831 1987 Horatii
1897 1921 2084 2002 epod.
2151 1922 2249 1985 16.
2323 1923 2404 1984 61
2472 1938 2567 2001 sq.
2630 1920 2804 1984 nulht
2868 1931 3079 1985 nocent
3131 1924 3347 2005 pecori

544 2031 854 2112 contayia,
898 2028 1135 2091 nullius
1183 2027 1352 2090 astri
1394 2061 1476 2074 —-
1517 2048 1762 2111 9re9em
1829 2035 2118 2088 aestuosa
2184 2035 2376 2088 torret
2432 2013 2816 2122 impotentia.
2883 2023 3017 2089 Sed
3082 2025 3212 2090 iam
3258 2027 3343 2090 ad

541 2130 977 2196 imitationem
1022 2130 1436 2214 singularum
1467 2148 1720 2224 'vocum
1766 2128 1875 2194 vel
1923 2129 2277 2194 verborum
2324 2128 2857 2194 coniunctionum
2903 2134 3343 2195 transeamus,

744 2234 1038 2300 Primum
1085 2232 1571 2300 adfirmaverim
1616 2253 1696 2299 V.·
1731 2235 1851 2297 121
1906 2235 2250 2318 (promit
2311 2234 2457 2297 hinc
2502 2243 2678 2296 ortus
2723 2235 3050 2317 aperitque
3101 2233 3344 2320 lacem),

529 2341 717 2420 quod
762 2339 893 2404 iam
937 2339 1215 2405 verbum
1253 2339 1589 2424 promendi
1640 2336 1917 2428 indicat,-
1961 2345 2292 2418 sumptum
2357 2355 2506 2402 esse
2572 2356 2656 2402 ex
2719 2336 2881 2403 Hor.
2933 2355 3109 2403 carm
3160 2357 3338 2406 saec.

541 2461 602 2509 V.
634 2446 840 2508 9-11
872 2444 1147 2508 eandem
1166 2461 1305 2508 rem
1339 2441 1697 2507 tractantis
1725 2442 1905 2504 Alme
1924 2440 2053 2524 Sol,
2076 2461 2267 2505 curru
2287 2442 2487 2505 nitido
2508 2442 2671 2506 diem
2692 2445 2804 2526 qai
2829 2479 2913 2489 —-
2926 2447 3259 2524 promis
3289 2457 3345 2507 et

543 2547 701 2611 celas
729 2547 1012 2631 aliusque
1031 2557 1088 2610 et
1105 2546 1266 2611 idem
1299 2585 1383 2594 —
1411 2548 1707 2610 nasceris,
1742 2545 1918 2611 Item
1935 2545 2005 2611 in
2022 2565 2086 2613 V.
2119 2548 2245 2612 120
2265 2547 2417 2609 litus
2440 2548 2703 2610 intravit
2724 2547 2943 2632 pelaqi
2966 2551 3342 2614 rubentis

541 2650 978 2718 imitationem
1024 2650 1244 2718 inesse
1307 2655 1469 2733 puto
1516 2651 1677 2716 Hor.
1745 2650 1796 2716 I.
1844 2653 1945 2717 35.
1994 2653 2071 2716 31
2143 2671 2403 2714 eaeamen
2455 2651 2613 2714 Eois
2658 2652 3000 2716 timendum
3044 2654 3344 2739 partibus

551 2756 909 2840 Oceanoque
952 2759 1227 2822 rubro.
1287 2756 1495 2822 Simul
1541 2755 2000 2821 adnotaverim
2066 2757 2149 2853 aq
2194 2775 2255 2820 v.
2308 2759 2433 2820 115
2480 2779 2676 2821 ausus
2726 2758 2926 2822 Eois
2971 2760 3347 2839 equitare

550 2863 872 2942 campis
904 2862 1178 2926 eandem
1212 2860 1773 2955 constructionem
1806 2878 2158 2926 occurrere
2190 2864 2393 2941 atque
2424 2860 2692 2926 Horatii
2722 2861 2815 2926 H.
2849 2865 2906 2927 9.
2943 2864 3026 2926 24
3072 2863 3229 2927 item
3277 2864 3346 2928 in

538 2982 739 3029 versu
788 2963 1106 3045 sapphico
1165 2966 1494 3047 eccequie
1540 2966 1917 3045 equitare
1960 2967 2285 3045 campis
2338 2968 2407 3030 et
2453 2983 2682 3031 vocem
2730 2965 2886 3029 Eois
2955 2983 3039 3031 ex
3082 2967 3243 3033 Hor.
3287 2968 3339 3033 Ι.
3426 3004 3448 3022 -·

543 3072 644 3134 35.
696 3071 774 3133 31
826 3086 1034 3149 supra
1080 3068 1440 3150 adscripto,
1485 3073 1848 3150 propterea
1896 3070 2072 3148 quod
2116 3068 2183 3133 in
2233 3071 2461 3134 eadem
2494 3069 2843 3136 occasione
2889 3070 3193 3137 adhibita
3222 3082 3346 3153 est,

541 3177 867 3253 sumptam
916 3190 1084 3237 esse.
1135 3170 1346 3255 Quam
1394 3174 1928 3240 observationem
1974 3192 2201 3239 veram
2251 3191 2401 3239 esse
2449 3191 2527 3239 ea
2558 3192 2632 3239 re
2683 3174 3126 3257 confirmatur,
3174 3177 3347 3256 quod

542 3276 935 3344 vocabulum
998 3275 1162 3341 illud
1209 3294 1533 3356 nusquam
1579 3276 1741 3377 alibi
1805 3280 1983 3359 apud
2027 3278 2379 3344 Horatium
2447 3278 2577 3343 nisi
2623 3280 2811 3360 epod.
2860 3282 2920 3344 2.
2968 3281 3048 3343 51
3100 3285 3343 3345 exstat.

552 3382 655 3445 Ad
697 3399 759 3446 v.
806 3382 931 3444 127
978 3398 1180 3461 supra
1245 3385 1610 3446 tractatum
1657 3381 1952 3447 Senecae
2018 3388 2175 3447 ante
2241 3383 2466 3448 oculos
2514 3381 2723 3448 fuisse
2770 3382 3041 3449 videtur
3084 3384 3243 3449 Hor.
3288 3384 3341 3450 Ι.

541 3489 602 3552 4.
673 3488 754 3550 16
808 3487 938 3549 iam
998 3496 1056 3547 te
1106 3496 1352 3570 premet
1413 3506 1560 3548 nox·
1564 3484 1957 3571 fabulaeque
2019 3505 2333 3569 maneat,
2380 3488 2555 3566 quod
2624 3505 2709 3552 ex
2764 3505 2928 3554 Voce
2996 3487 3065 3553 in
3109 3507 3172 3554 V.
3218 3491 3344 3555 127

545 3590 758 3677 lonqus
803 3590 890 3655 ad
931 3608 1227 3656 manes
1264 3600 1654 3674 properatur
1699 3590 1852 3653 ordo
1902 3589 2313 3656 coniecerim.
2364 3591 2575 3656 Paulo
2624 3610 2831 3674 supra
2877 3594 2960 3656 ad
2992 3610 3056 3659 v.
3092 3594 3216 3657 118
3250 3610 3344 3674 sq.

541 3694 695 3757 vidit
744 3704 797 3758 et
843 3713 1119 3760 versos
1159 3696 1492 3774 equites,
1538 3696 1786 3780 θηρία-ῖς
1825 3732 1892 3743 --
1931 3706 2105 3779 teo-qa
2132 3695 2403 3781 fallacie
2446 3697 2779 3759 metuenda
2811 3698 3117 3762 Parthi
3146 3695 3275 3762 iam
3306 3716 3347 3762 a

540 3796 838 3862 Torkillo
871 3798 1142 3863 Badeno
1179 3800 1538 3863 adnotatus
1572 3806 1677 3864 est
1707 3798 1893 3865 locus
1926 3798 2087 3864 Hor.
2122 3798 2208 3864 Π.
2245 3801 2344 3864 13.
2384 3802 2465 3864 17
2494 3800 2672 3863 miles
2716 3803 2980 3886 saqittae
3012 3810 3069 3864 et
3099 3802 3349 3865 celerem

525 3902 765 3988 fuqam
815 3902 1063 3977 Parthi,
1114 3921 1241 3983 quo
1288 3908 1511 3968 autem
1559 3902 1836 3969 similior
1881 3903 2041 3970 mihi
2085 3903 2355 3970 videtur
2397 3903 2451 3969 Ι.
2500 3907 2601 3969 19.
2652 3906 2732 3969 11
2783 3915 2839 3968 et
2903 3908 3169 3971 versis
3210 3907 3346 3969 ani-

538 4029 776 4069 mosum
822 4008 1056 4086 equis
1087 4009 1503 4072 Parthum
1535 4008 1757 4072 dicere.
1804 4010 2027 4089 Atque
2062 4010 2312 4089 eadem,
2358 4027 2529 4089 quae
2559 4008 2629 4073 in
2674 4027 2733 4074 v.
2770 4011 2894 4072 149
2942 4032 3063 4073 non
3109 4014 3347 4091 lupos

541 4112 708 4175 cervi
745 4119 1129 4176 metuunt
1171 4131 1519 4192 rapaces
1571 4112 1968 4196 invenimuS,
2017 4113 2346 4179 vocabula
2422 4118 2582 4179 sunt
2638 4114 2815 4194 apud
2886 4113 3238 4180 Horatium
3294 4115 3347 4181 I.

545 4217 646 4280 17.
692 4217 773 4280 18
820 4238 928 4279 nec
970 4216 1206 4279 virides
1251 4224 1633 4281 metuunt
1677 4217 1963 4281 colubras
2007 4240 2115 4280 nec
2148 4216 2484 4281 Martiales
2531 4217 2869 4283 Haecliliae
2914 4220 3169 4300 lupo-3,
3216 4218 3343 4284 III.

545 4322 646 4384 18.
698 4322 780 4385 13
825 4322 991 4383 inter
1019 4319 1291 4384 audaces
1325 4321 1510 4406 lupus
1546 4330 1717 4385 errat
1748 4344 1978 4407 “Uno-⁹7⁶
2025 4321 2143 4387 IV.
2165 4326 2224 4386 4.
2247 4323 2333 4386 50
2350 4325 2573 4388 cervi
2605 4326 3002 4403 limorum
3016 4327 3349 4405 praeda

539 4425 1014 4505 rapacium,
1061 4423 1250 4504 epod.
1301 4427 1401 4488 16.
1449 4426 1535 4489 20
1580 4428 1761 4510 apo-is
1803 4426 2059 4509 reliquit
2104 4429 2655 4507 ‹et-rapacibus
2700 4429 2963 4507 lupi-35
3002 4427 3076 4492 in
3120 4447 3184 4492 v.
3220 4432 3340 4493 151

538 4528 715 4592 nulla
756 4525 996 4591 villosis
1019 4528 1266 4613 feritas
1309 4530 1376 4591 in
1408 4531 1580 4592 ursis·
1608 4527 1905 4595 Senecae
1950 4548 2219 4596 versum
2250 4530 2363 4595 ille
2396 4531 2555 4596 Hor.
2603 4533 2788 4613 epod.
2837 4534 2937 4596 16.
2983 4534 3063 4597 51
3114 4533 3345 4598 obver-

542 4637 760 4698 satum
817 4649 967 4696 esse
1013 4629 1320 4721 suspicor
1363 4655 1472 4696 nec
1515 4636 1874 4718 repentinus
1922 4636 2351 4719 circumyemit
2392 4657 2582 4697 ursus·
2628 4635 2811 4699 ovile.
2845 4634 3060 4701 Sicuti
3090 4635 3345 4702 Seneca

547 4736 617 4803 in
662 4756 722 4801 v.
771 4739 896 4800 154
941 4758 1066 4800 non
1111 4736 1274 4800 silva
1319 4760 1435 4800 sua
1477 4738 1777 4825 decorata
1825 4762 1997 4802 coma
2045 4738 2315 4804 frondes
2362 4740 2670 4804 arborum
2717 4758 2964 4806 comam
2984 4739 3350 4823 appellavit

543 4840 674 4905 iam
719 4838 879 4904 Hor.
927 4837 979 4903 Ι.
1028 4843 1129 4905 21.
1182 4844 1242 4923 3,
1286 4840 1400 4906 IV.
1450 4845 1506 4907 3.
1559 4846 1662 4924 11,
1707 4840 1824 4908 IV.
1875 4845 1934 4906 7.
1983 4844 2039 4906 2.
2110 4880 2190 4888 -
2256 4843 2608 4908 Postremo
2657 4843 3113 4910 adnotaverim
3160 4862 3349 4910 voca-
