3759 5400
1729 229 2163 292 ...18—

749 399 901 466 Sen.
969 401 1342 464 591—594:
1409 421 1623 464 caecus
1687 411 1775 463 est
1819 400 1987 483 iqnis
2054 399 2407 463 stimulatus
2470 403 2605 462 ira*
2646 427 2727 450 —·
2785 393 2891 464 nec
2952 405 3092 487 regi
3168 417 3348 467 curat

527 507 855 590 patiturve
900 505 1133 589 frenos
1199 513 1278 550 —'
1337 514 1448 566 aut
1510 505 1681 567 timet
1727 513 2019 566 mortem:
2062 506 2311 584 cupit
2381 506 2515 570 ire
2583 506 2686 568 in
2759 507 2987 584 ipsos
3063 495 3347 574 ‘obvius

541 627 798 674 enses·

747 711 909 778 Hor.
967 710 1020 776 I.
1087 710 1186 776 16.
1253 713 1468 776 5-12
1535 710 1692 774 Non'
1744 709 2156 797 Dindymene,
2200 734 2343 775 -non
2406 712 2617 797 adytis
2681 715 2882 797 quatit
2942 751 3029 762 —-
3091 725 3348 780 mentem

541 815 938 879 sacerdotum
983 812 1188 879 incola
1234 814 1499 900 Pythius
1528 851 1612 860 —
1643 837 1766 878 non
1809 813 2003 878 Liber
2046 835 2258 899 aeque,
2306 837 2425 878 non
2474 827 2657 878 acuta
2700 819 2761 880 si
2798 820 3111 900 yeminant
3162 817 3351 904 Cory·

543 927 751 984 bantes
796 942 949 982 aera
997 956 1076 966 —
1123 919 1331 982 tristes
1373 930 1445 982 ut
1489 919 1647 998 irae,
1683 937 1893 1000 quas
1934 938 2201 1000 neque
2229 921 2588 986 ,Noricus
2617 957 2702 966 —
2736 924 3085 987 deterret
3129 925 3353 988 ensis

541 1045 652 1087 nec
679 1023 991 1087 tremendo
1035 1059 1122 1070 --
1165 1021 1468 1108 Juppiter
1511 1024 1646 1108 ipse
1687 1043 1873 1086 ruens
1920 1022 2198 1086 tumultu.

752 1128 843 1192 At
890 1126 1171 1192 materia
1218 1126 1690 1208 descriptionis
1723 1147 1788 1192 v
1821 1129 2169 1194 583-590
2201 1145 2284 1192 ex
2330 1126 2481 1192 aliis
2528 1146 2800 1209 operum
2828 1089 3349 1195 Horatianorum

546 1229 850 1311 partibus
908 1230 1122 1312 petita
1169 1234 1275 1296 est
1321 1231 1532 1297 veluti
1577 1251 1636 1296 V.
1697 1233 1824 1296 583
1870 1253 1993 1294 non
2034 1229 2145 1293 ubi
2187 1230 2470 1296 hibernos
2512 1234 2956 1298 nebulosus
2998 1234 3228 1297 imbres
3271 1271 3354 1280 —

546 1334 778 1398 Auster
821 1335 1093 1416 adesa-it,
1143 1353 1311 1415 quae
1359 1336 1444 1399 ad
1483 1332 1617 1400 vim
1651 1334 1793 1399 eius
1840 1333 2028 1399 venti
2059 1334 2417 1418 pertinent,
2456 1335 2755 1416 epitheta
2802 1341 2960 1401 sunt
2989 1337 3155 1401 haec
3191 1337 3355 1403 Hor.

545 1438 633 1504 II.
682 1441 782 1503 14.
829 1441 910 1502 15
957 1460 1176 1501 nocens
1204 1441 1450 1521 Auster,
1482 1436 1607 1503 III.
1644 1439 1704 1501 3.
1739 1440 1780 1502 5
1829 1437 1961 1500 duoe
2004 1438 2272 1522 inquieti
2312 1439 2597 1502 turbidus
2626 1439 2941 1520 Hadriae,
2973 1439 3100 1505 III.
3132 1441 3237 1504 27.
3274 1443 3357 1504 22

546 1543 812 1607 sentiant
883 1553 1082 1605 motus
1145 1543 1405 1605 orientis
1471 1542 1716 1623 Austri,
1780 1541 1896 1606 IV.
1944 1545 2044 1606 14.
2119 1543 2203 1606 20
2270 1543 2605 1606 indomitus
2653 1566 2860 1630 prope
2914 1540 3116 1628 qualis
3157 1543 3361 1608 undas

549 1655 781 1710 exercet
824 1644 1074 1730 Auster,
1123 1648 1309 1727 epod.
1361 1646 1462 1710 10.
1507 1649 1679 1710 3—4
1721 1656 1792 1708 ut
1823 1646 2103 1709 horridis
2131 1655 2461 1732 utrumque
2504 1650 2775 1712 verberet
2820 1649 2983 1712 tatus
3018 1685 3091 1695 —
3130 1648 3361 1711 Auster

549 1761 843 1814 memento
883 1747 1217 1834 fluctibus;
1285 1753 1408 1814 sat.
1454 1747 1506 1814 I.
1539 1752 1594 1814 1.
1649 1751 1688 1813 6
1734 1751 1950 1813 navim
2014 1751 2393 1813 iactantibus
2456 1748 2734 1826 Austris,
2804 1755 2929 1816 sat.
2998 1751 3088 1818 II.
3153 1755 3211 1816 2.
3274 1754 3357 1816 41

540 1865 902 1939 praesentes
965 1854 1208 1927 Austri,
1285 1858 1410 1918 sat.
1455 1852 1542 1918 II.
1619 1855 1676 1917 8.
1725 1855 1764 1916 6
1813 1849 1939 1916 leni
1961 1846 2121 1938 fuit*
2151 1854 2388 1922 Austro
2452 1864 2705 1939 captus,·
2772 1853 2967 1934 epist.
3013 1854 3065 1919 Ι.
3128 1858 3229 1921 11.
3283 1858 3361 1919 15

549 1955 803 2022 validus
833 1956 1085 2022 Auster.
1117 1957 1286 2022 Item
1318 1957 1642 2022 Horatius
1674 1957 1788 2021 IV.
1823 1960 1925 2020 14.
1958 1959 2045 2021 46
2078 1975 2209 2022 una
2242 1975 2387 2023 cum
2434 1956 2586 2023 Nilo
2635 1963 2705 2022 et
2747 1957 2979 2042 rapido
3019 1959 3209 2042 Tigri
3254 1958 3364 2044 (cf.

551 2061 702 2127 Sen.
726 2081 796 2126 ν.
827 2061 954 2126 584
985 2071 1229 2124 torrens
1261 2060 1512 2146 Hister)
1532 2060 1782 2126 Istrum
1813 2077 2075 2140 quoque
2108 2079 2419 2143 magnum
2446 2061 2689 2126 flumen
2722 2060 3049 2142 appellat3
3071 2066 3361 2127 ceterum

551 2164 830 2230 similem
893 2163 1188 2229 eiusdem
1253 2163 1548 2247 regionis
1614 2163 2129 2244 descriptionem
2177 2163 2433 2229 Seneca
2498 2164 2675 2245 apud
2721 2163 3076 2229 Horatium
3121 2164 3211 2231 II.
3258 2167 3361 2229 20.

555 2270 812 2334 1-6--20
871 2267 1176 2332 invenire
1223 2269 1473 2350 potuit:
1539 2270 1645 2332 Me
1697 2265 1959 2334 Colchus
2022 2280 2079 2332 et
2140 2270 2250 2352 qui
2292 2263 2651 2332 dissimulat
2704 2275 2931 2331 metum
2980 2303 3055 2316 —
3108 2267 3367 2330 Marsae

553 2375 820 2436 cohortis
881 2371 1108 2434 Dacus
1169 2380 1226 2435 et
1283 2369 1500 2435 ultimi
1563 2407 1636 2422 -
1698 2383 1944 2436 noscent
2000 2370 2244 2452 Geloni,
2308 2393 2403 2434 me
2460 2371 2711 2456 peritus
2772 2409 2859 2418 -—
2924 2370 3115 2436 discet
3162 2370 3369 2434 Hiber

556 2478 1114 2555 Rhodanique
1140 2487 1324 2559 potor
1356 2475 1466 2560 (cf.
1511 2479 1640 2541 587
1686 2499 1807 2541 non
1849 2477 1960 2539 ubi
1998 2472 2265 2561 impellit
2294 2477 2760 2541 Rhodanus
2784 2474 3233 2560 profundum).
3265 2476 3370 2540 Ad

559 2580 956 2646 locutionem
1019 2601 1264 2643 amnem
1307 2579 1512 2644 bibere
1575 2599 1695 2662 pro
1761 2581 2033 2644 accolam
2103 2583 2331 2644 amnis·
2370 2602 2497 2643 esse
2563 2577 2865 2645 conferas
2931 2584 3001 2644 et
3046 2579 3205 2645 Hor.
3249 2579 3366 2646 IV.

563 2689 666 2752 15.
701 2687 781 2750 21
820 2708 942 2749 non
971 2686 1080 2769 qui
1097 2687 1634 2767 profundum
1662 2686 2031 2750 Danuvium
2080 2684 2288 2749 bibunt
2334 2689 2404 2750 et
2436 2683 2586 2751 Seu.
2620 2683 2797 2748 Med.
2826 2685 2951 2749 373
3002 2702 3141 2764 sqq.
3172 2683 3369 2748 Indus

552 2787 826 2873 qelidum
893 2800 1074 2873 potat
1147 2787 1429 2871 Araoeen,
1500 2826 1588 2838 —
1651 2788 1842 2855 Albin
1917 2791 2151 2855 Persae
2205 2790 2603 2873 Rhenumque
2645 2788 2877 2851 bibunt.
2956 2787 3225 2853 Pariter
3302 2808 3365 2855 V.

555 2893 902 2957 588—590
946 2902 1055 2956 aut
1098 2892 1208 2955 uhi
1250 2897 1318 2957 in
1360 2897 1532 2958 rivos
1573 2894 1825 2959 nivibus
1879 2891 2098 2957 solutis
2146 2931 2225 2940 --
2272 2891 2395 2957 sole
2460 2896 2589 2956 iam
2641 2891 2822 2976 forti
2861 2892 3186 2976 medioque
3230 2915 3369 2956 vere

551 3034 640 3045 -
683 2995 881 3059 tabuit
942 2998 1224 3061 Haemus
1285 2998 1467 3064 aucti
1537 3017 1685 3064 esse
1733 2999 2050 3064 videntur
2114 3015 2197 3062 ex
2265 2998 2405 3063 solo
2452 2996 2693 3063 Haemi
2759 2994 3000 3061 montis
3070 2996 3366 3077 epitheto

556 3101 715 3165 Hor.
785 3099 840 3164 Ι.
893 3102 992 3165 12.
1049 3103 1088 3164 6
1147 3099 1430 3186 yelidove
1494 3105 1560 3167 in
1616 3102 1874 3167 Haemo.
1921 3102 2138 3169 Aliam
2201 3100 2491 3167 fabulam
2557 3104 2626 3165 et
2696 3101 2777 3164 ab
2842 3098 3125 3165 Horatio
3196 3104 3266 3165 et
3329 3118 3369 3164 a

557 3203 812 3269 Seneca
875 3202 946 3268 in
1017 3204 1142 3268 hoc
1206 3206 1465 3271 cantico
1533 3212 1891 3272 tractatam
1958 3207 2163 3271 habes
2229 3207 2310 3270 de
2377 3204 2618 3270 misero
2664 3204 3107 3270 Phaethontis
3167 3203 3371 3286 exitu,

559 3325 752 3387 quam
798 3325 939 3371 rem
970 3307 1293 3374 Horatius
1325 3310 1395 3374 in
1428 3310 1715 3376 carmine
1747 3311 1910 3376 item
1956 3310 2272 3392 sapphico
2305 3309 2419 3375 IV.
2443 3311 2543 3391 11,
2565 3311 2647 3372 25
2683 3308 2897 3391 (terret
2942 3311 3373 3374 aenou-stus

561 3412 882 3475 Phaethon
929 3434 1166 3475 avaras
1226 3413 1394 3496 spes)
1473 3414 1704 3494 paucis
1750 3415 1976 3483 verbis
2024 3414 2277 3497 attigit,
2324 3413 2579 3482 Seneca
2650 3411 3097 3493 compluribus
3142 3411 3369 3477 verbis

560 3516 749 3581 auxit
794 3518 1140 3582 599—602
1188 3539 1378 3580 ausus
1432 3529 1713 3582 aeternos
1777 3522 2019 3603 ayitare
2082 3540 2301 3582 currus
2347 3555 2431 3565 —
2476 3520 2801 3581 immemor
2868 3529 3065 3581 metae
3130 3516 3369 3579 iuvenis

557 3630 862 3705 paternae
905 3657 992 3669 -
1037 3643 1188 3705 quos
1222 3621 1374 3707 polo
1419 3624 1661 3707 sparsit
1689 3623 1985 3709 furiosus
2027 3625 2264 3704 iane-3
2307 3658 2393 3669 —-
2436 3623 2620 3702 ipse
2660 3623 2990 3703 recepit.

761 3724 848 3790 In
907 3742 986 3790 ea
1052 3728 1266 3808 parte,
1333 3744 1516 3807 quae·
1551 3744 1753 3792 versu
1821 3726 2139 3809 sapphico
2207 3724 2461 3791 octiens
2527 3724 2819 3807 repetito
2866 3729 3065 3804 atque
3133 3721 3371 3785 adonio

560 3826 784 3892 clauso
851 3827 1166 3912 decurrit,
1233 3830 1428 3911 primi
1478 3848 1716 3897 versus
1781 3833 2129 3913 eos—609
2204 3830 2505 3915 Quisquis
2568 3830 2828 3894 audacis
2872 3826 3068 3912 tetiyit
3118 3827 3375 3890 carinae

558 3966 645 3977 ——-
705 3930 938 3994 nobiles
995 3956 1197 3997 remos
1257 3937 1650 4019 nemorisque
1717 3938 1896 3999 sacri
1958 3962 2041 3982 -·-
2109 3935 2324 4000 Pelion
2365 3934 2578 4019 *densa
2642 3931 2940 4018 spoliavit
2999 3928 3222 3993 umbra
3290 3930 3373 3994 ad

561 4036 989 4123 Argonautas
1055 4036 1494 4117 respicientes
1557 4039 1813 4120 pariter
1869 4043 2071 4120 atque
2136 4038 2267 4104 iam
2326 4038 2500 4104 Med.
2560 4032 2913 4103 301—308·
2953 4032 3377 4115 comparandi

565 4143 723 4204 sunt
768 4158 913 4203 eum
957 4139 1118 4204 Hor.
1149 4139 1202 4205 I.
1253 4144 1320 4222 3,·
1361 4145 1410 4206 9’
1447 4160 1588 4231 sqq.
1647 4140 1762 4205 Illi
1833 4124 2123 4207 robur-et
2184 4140 2579 4229 ’aestripleoe
2628 4134 2701 4189 -ss
2753 4143 2921 4205 circa
2956 4152 3179 4231 pectus
3222 4148 3375 4219 erat,

565 4246 673 4327 qui
714 4241 1027 4330 fraqilem
1088 4244 1256 4307 truci
1296 4282 1382 4301 -ι
1427 4244 1730 4310 commisit
1777 4245 2011 4333 pelayo
2074 4244 2280 4311 ratem
2318 4234 2603 4331 primusss'
2632 4245 2895 4312 Deinde
2942 4238 3183 4311 'Versus
3252 4238 3375 4307 61'1

567 4359 624 4411 et
668 4358 754 4412 tot
800 4370 1080 4411 emensus
1114 4345 1337 4439 pelayi
1379 4346 1618 4437 labores
1681 4350 2051 4417 simillimus
2101 4356 2235 4417 est
2268 4351 2371 4437 118,
2420 4351 2697 4433 quibus
2688 4344 3027 4416 Horatius
3086 4342 3281 4429 epist.
3327 4344 3380 4411 1.

566 4455 626 4535 2,
689 4454 784 4517 20
836 4456 996 4532 sqq.
1046 4451 1306 4517 initium
1377 4428 1716 4537 Odysseae
1783 4442 2119 4521 convertit
2184 4402 2501 4542 latumque
2551 4476 2669 4541 per
2732 4474 3013 4538 aequor.
3100 4472 3379 4537 ‚aspa-a

564 4554 760 4619 multa
793 4554 1081 4642 pertulit.
1191 4588 1214 4613 =.
1281 4580 1286 4587 ·
1705 4579 1710 4587 ·
1799 4580 1804 4587 ·
2088 4580 2100 4593 ·
2704 4582 2711 4587 ·

775 4658 930 4724 Alia
992 4658 1220 4726 fabula
1284 4660 1367 4725 de
1413 4658 1678 4747 Orpheo
1727 4680 1767 4727 a
1813 4662 2070 4728 Seneca
2118 4634 2201 4728 ex
2246 4659 2548 4745 Horatio,
2614 4661 2749 4727 ubi
2775 4657 3208 4727 celeberrima
3254 4658 3376 4736 est,

571 4764 922 4844 desumpta
957 4782 1105 4830 esse
1152 4763 1444 4831 videtur.·
1479 4762 1696 4847 Quam
1729 4768 2052 4832 audacter
2096 4756 2163 4831 111
2207 4763 2333 4831 hac
2378 4782 2451 4831 re
2485 4765 2743 4831 Seneca
2790 4782 2861 4829 se
2897 4760 3203 4849 gesserit,
3249 4754 3379 4823 iam

572 4885 932 4950 cognosces
981 4885 1062 4933 ex
1108 4868 1268 4933 locis
1315 4869 1711 4951 adscriptis:
