3759 5400
1705 202 2138 266 -34—

985 375 1024 438 2
1523 377 1557 438 1
1861 377 1897 438 1
2588 430 2595 434 ,

517 477 781 540 nimium
825 481 1180 542 seemido
1235 513 1322 526 ——
1365 480 1710 560 turqida
1770 482 1977 544 vela.
2041 477 2307 545 Pariter
2370 498 2479 545 res
2543 498 2615 546 se
2674 481 2879 547 habet
2940 501 3001 547 v.
3068 482 3323 547 92—93

1148 584 1206 646 1.
1610 619 1616 626 ι
2058 585 2119 649 2.
3000 637 3012 650 .

517 689 877 752 wabibus
919 687 1135 768 ipsis
1177 688 1498 752 moena
1541 695 1789 768 eaput
1839 725 1926 734 —
1969 690 2238 752 turris
2270 691 2569 768 pluvio
2611 589 3326 771 vapulat3Austro,

3188 800 3243 860 1.

523 897 915 976 quibuscum
989 896 1121 963 iam
1181 896 1494 962 Badenus
1561 897 1976 978 comparavit
2043 896 2203 963 Hor.
2266 896 2421 962 ibid.
2487 918 2549 965 v.
2602 901 2854 964 10-11
2925 909 3000 965 et
3064 905 3327 966 celsae

1023 1003 1082 1066 3.
1736 1004 1795 1066 2.

519 1107 906 1186 araviore
951 1125 1153 1170 casu
1194 1108 1589 1171 deeidwnt
1632 1115 1909 1172 turres
1960 1111 2030 1172 et
2075 1127 2136 1174 v.
2183 1111 2439 1173 94—95
2485 1109 2827 1192 densasque
2889 1133 3101 1174 neonus
3146 1134 3325 1195 spar-

1231 1211 1288 1274 1.
1817 1213 1905 1276 2.·

517 1338 665 1400 qens
706 1313 960 1378 umbras
1001 1350 1089 1362 —-
1133 1333 1459 1379 animosa
1487 1314 1653 1378 videt
1680 1317 1981 1380 robora
2006 1315 2258 1402 franyi,
2306 1315 2418 1395 qui
2463 1315 2659 1397 paulo
2691 1317 3017 1383 immutati
3053 1323 3211 1386 sunt
3243 1339 3327 1384 ex

657 1439 664 1446 ·
2085 1422 2141 1484 1.
2482 1424 2540 1485 2.

523 1523 686 1590 Hor.
725 1522 882 1590 ibid.
927 1545 995 1593 v.
1037 1528 1097 1590 9.
1145 1525 1399 1610 saepius
1441 1526 1640 1588 ventis
1681 1525 1964 1609 ayitatur
2006 1527 2307 1607 inqens
2351 1529 2436 1573 —-'
2468 1527 2760 1606 pinu-8.

734 1630 948 1696 Recte
994 1630 1154 1695 item
1199 1647 1271 1694 se
1318 1630 1524 1695 habet
1569 1649 1631 1697 V.
1657 1630 1782 1694 103
1827 1628 2093 1694 modicis
2133 1631 2311 1694 rebus
2344 1667 2419 1678 --
2448 1627 2686 1715 lonqius
2715 1653 2935 1695 aevum
2966 1634 3325 1698 secundum

523 1733 684 1799 Hor.
731 1734 886 1800 ibid.
917 1753 978 1800 v.
1023 1735 1279 1799 13—14
1311 1731 1540 1818 Sperat
1578 1734 1848 1818 infestie,
1896 1736 2115 1797 metuit
2156 1734 2440 1798 secundis
2483 1771 2569 1781 —
2613 1732 2875 1798 alteram
2919 1747 3144 1800 sortem
3188 1738 3329 1801 bene

516 1850 978 1924 praeparatum
1028 1849 1264 1925 pectus,
1347 1837 1652 1918 Denique
1717 1840 1802 1903 ad.
1846 1858 1910 1906 V.
1962 1841 2308 1905 103—104
2355 1829 2535 1925 felioc
2594 1839 2835 1904 mediae
2918 1879 2985 1888 -
3056 1842 3329 1927 Quisquis

523 1944 743 2010 turbae
786 1956 951 2010 sorte
995 1949 1234 2031 quietus
1279 1945 1410 2011 iam
1453 1946 1766 2011 Badenus
1833 1946 2117 2012 contulit
2163 1946 2321 2012 Hor.
2366 1945 2494 2012 III.
2544 1949 2645 2011 16.
2697 1949 2778 2012 22
2800 1950 2956 2012 -24
3018 1947 3113 2010 m‘l
3156 1947 3326 2032 cupi-

522 2052 755 2115 entium
803 2089 889 2099 —-
932 2051 1135 2115 nudus
1179 2060 1390 2115 castra
1432 2061 1570 2134 peto
1617 2061 1674 2114 et
1719 2051 2058 2137 tranqflaya
2101 2052 2368 2115 divitum
2408 2090 2497 2100 —
2531 2063 2752 2138 partes
2798 2050 3071 2137 linquere
3111 2053 3325 2136 qestio.

521 2155 676 2221 Etsi
723 2173 869 2221 non·
915 2157 1091 2221 hunc
1168 2156 1386 2237 ipsum
1450 2155 1686 2234 locum,
1757 2159 1982 2220 tamen
2044 2156 2168 2221 hoc
2234 2163 2500 2222 carmen
2545 2156 2705 2224 mihi
2752 2175 3013 2238 quoque
3061 2156 3329 2225 videtur

522 2259 782 2326 Seneca
829 2266 985 2326 ante
1035 2259 1261 2326 oculos
1306 2260 1620 2326 habuisse
1654 2278 1800 2325 cum
1832 2264 2107 2342 propter
2138 2260 2416 2326 similem
2449 2260 2851 2326 sententiam
2883 2266 3021 2326 tum
3053 2265 3330 2343 propter

523 2366 647 2430 hoc
726 2363 1167 2431 tetrastichon
1243 2364 1398 2431 ibid.
1475 2367 1754 2448 29-32,
1830 2366 1944 2450 ubi
2020 2367 2249 2431 eadem
2326 2365 2467 2432 fere
2531 2367 2885 2432 verborum
2950 2363 3326 2431 coniunctio

528 2469 845 2550 occurrit,
895 2469 974 2536 cf.
1018 2469 1088 2534 in
1147 2490 1208 2554 v.
1258 2472 1382 2536 104
1445 2481 1606 2534 sorte
1651 2471 1892 2555 quietus
1938 2475 2007 2536 et
2052 2470 2211 2536 Hor.
2260 2490 2321 2537 V.
2395 2474 2479 2536 32
2523 2483 2685 2534 sorte
2748 2472 3001 2536 beatior.
3071 2470 3149 2534 In
3196 2470 3327 2534 fine

527 2573 770 2640 cantici
815 2575 1153 2656 AnnanS,
1219 2575 1394 2654 quod
1459 2574 1589 2639 iam
1651 2573 2031 2657 Zingerlius
2100 2575 2503 2658 observavit,
2568 2578 2653 2642 ad
2708 2574 3017 2641 carminis
3090 2574 3179 2639 II.
3246 2576 3329 2639 10

523 2683 986 2763 argumentum
1032 2682 1382 2746 revertens
1428 2697 1664 2746 versus
1715 2673 2061 2745 105—107
2110 2704 2279 2743 aura
2324 2681 2575 2767 strinqit
2630 2679 2815 2745 litora
2862 2689 2996 2743 tuta
3042 2718 3128 2729 ——-
3157 2679 3328 2742 timi-

525 2786 758 2871 dusque
801 2788 975 2848 mari
1001 2785 1248 2849 credere
1276 2785 1560 2848 cumbam
1582 2824 1660 2832 —
1683 2808 1850 2849 remo
1895 2797 2097 2849 terras
2134 2789 2469 2872 propriore
2514 2784 2657 2870 le9it
2689 2790 2870 2851 certe
2905 2783 3326 2851 adumbravit

527 2908 610 2954 ex
657 2889 818 2955 Hor.
863 2889 954 2954 II.
1003 2891 1104 2955 10.
1152 2892 1323 2955 1-4
1371 2889 1626 2953 Rectius
1668 2892 1860 2970 vinee,
1914 2889 2143 2968 Licini,
2200 2913 2387 2975 neque
2433 2891 2630 2953 altum
2696 2928 2779 2939 --
2844 2914 3083 2975 semper
3124 2912 3317 2975 ‘em-912-

526 2994 679 3058 endo
747 3015 936 3079 ‘neque
998 2994 1148 3056 dum
1198 2994 1508 3079 procellas
1556 3030 1639 3042 -—
1683 3006 1903 3058 cantus
1966 2996 2269 3059 horrescis
2328 2996 2595 3058 nimium
2648 2994 2987 3081 premendo
3043 3033 3128 3081 —5
3175 2992 3319 3057 litus

525 3100 826 3182 iniquum.

1663 3306 2207 3415 Agamemnon.

936 3532 1039 3599 ΙΙ.
1091 3531 1558 3635 canticum
1604 3534 2302 3617 anapaestioum
2348 3552 2429 3600 v.
2478 3533 2929 3605 310—407.

735 3724 876 3789 Iam
923 3724 1300 3808 Zingerlius
1354 3724 1394 3789 l.
1449 3744 1501 3789 c.
1546 3744 1606 3805 p.
1665 3726 1752 3789 17
1796 3743 1891 3805 sq.
1938 3725 2295 3799 admonuit,
2352 3731 2763 3809 quantopere
2808 3728 2932 3793 hoc
2980 3726 3331 3825 canticum,

451 3904 454 3907 ‚
529 3829 830 3911 inprimis
875 3828 992 3894 illa
1021 3848 1198 3912 parS,
1232 3824 1400 3909 quae
1435 3822 1514 3894 de
1545 3830 1812 3895 Phoebo
1846 3834 1969 3905 est,
2017 3829 2263 3895 similes
2294 3830 2473 3896 locos
2506 3830 2911 3897 Horatianos
2944 3832 3012 3898 in
3042 3837 3330 3898 mentem

530 3937 820 4017 revocet,
867 3938 936 3998 et
966 3932 1110 4014 ipse
1143 3934 1286 3999 eius
1319 3933 1417 3999 rei
1450 3934 1752 4015 exempla
1784 3952 1865 3998 ex
1898 3933 2059 3999 Hor.
2103 3934 2158 3999 I.
2206 3938 2263 3999 2.
2312 3938 2415 4017 21,
2461 3937 2564 4019 22,
2608 3934 2698 4000 ΙΙ.
2747 3939 2801 3999 1.
2846 3935 2939 4001 IV
2990 3940 3029 4001 6
3077 3936 3330 4002 attulit.

529 4038 676 4103 Hac
739 4056 812 4103 re
879 4039 965 4103 ad
1026 4039 1580 4119 perscrutandum
1643 4038 1766 4102 hoc
1823 4036 2153 4103 canticum
2206 4038 2525 4104 incitatus
2574 4057 2696 4121 ego
2742 4039 2950 4105 multo
2998 4040 3332 4123 maiorem,

532 4162 727 4222 quam
775 4160 1220 4225 speraveram,
1278 4141 1567 4207 fructum
1614 4142 1778 4227 cepi,
1826 4147 1902 4207 ut
1948 4161 2048 4207 me
2094 4162 2269 4209 nunc
2316 4145 2771 4209 demonstrare
2817 4162 3014 4225 posse
3064 4146 3328 4210 credam

529 4251 671 4312 toto
716 4247 840 4311 hoc
888 4246 1148 4312 eantico
1195 4252 1466 4329 praeter
1510 4265 1756 4328 paucas
1803 4247 2347 4328 amplificationes
2380 4266 2463 4313 ne
2509 4266 2705 4313 unam
2752 4248 3014 4327 quidem
3062 4253 3328 4315 senten-

531 4350 692 4417 tiam
754 4350 1060 4434 inveniri,
1126 4369 1297 4431 quae
1367 4370 1526 4417 vere
1593 4350 1887 4417 Senecae
1934 4351 2204 4433 propria
2250 4352 2379 4417 dici
2424 4351 2655 4433 possit.
2721 4352 2982 4434 Itaque,
3038 4372 3121 4417 ne
3170 4356 3330 4419 ordo

535 4456 1024 4522 sententiarum
1091 4456 1284 4521 nimis
1352 4455 1783 4538 distrahatur,
1839 4474 2154 4523 versuum
2210 4457 2500 4522 ordinem
2558 4475 2843 4537 sequens
2901 4456 3332 4524 imitationem
3388 4484 3401 4505 ·

533 4562 1017 4626 demonstrabo.

737 4664 1031 4730 Primum
1063 4667 1144 4730 ad
1178 4652 1439 4730 initium
1468 4664 1731 4747 cantici,
1753 4664 2032 4729 maxime
2080 4666 2165 4729 ad
2208 4684 2271 4731 v.
2320 4666 2446 4730 310
2494 4664 2768 4744 (Gemite,
2818 4689 2853 4729 o
2876 4666 3068 4751 pubes
3099 4664 3336 4748 inclita,

533 4768 914 4854 Phoebum!)
963 4771 1192 4834 eadem
1240 4787 1386 4835 cum
1427 4768 1765 4851 Zingerlio
1813 4767 2116 4849 exempla
2146 4774 2303 4834 sunt
2336 4771 2732 4835 adnotanda.
2784 4770 3081 4836 Contulit
3112 4776 3333 4836 autem

533 4876 702 4939 bene
748 4873 854 4939 Vir
898 4872 1022 4939 ille'
1059 4873 1478 4940 doctissimus
1527 4873 1687 4939 Hor.
1742 4874 1855 4937 IV.
1905 4878 1962 4937 6.
2014 4878 2094 4939 37
2140 4878 2261 4937 rite
2311 4874 2587 4937 Latonae
2624 4898 2889 4960 puerum
2935 4862 3217 4939 canentes
3264 4881 3335 4943 et
