3759 5400
1650 226 2081 288 -11-

466 398 548 462 de
595 397 865 464 Phoebo
911 397 1266 464 adhibetur
1312 399 1489 478 quod
1534 397 1616 462 ab
1663 396 1946 462 Horatio
1980 415 2174 462 carm.
2222 415 2396 462 saec.
2446 399 2529 462 65
2579 395 2659 461 St
2686 397 3023 462 Palatinas
3053 399 3275 462 videt

463 524 701 586 aequus
745 525 934 567 arces.
979 502 1152 568 Item
1197 502 1266 568 in
1314 521 1372 568 V.
1419 503 1588 566 1115
1635 511 1692 564 et
1735 511 1805 564 tu
1851 501 2004 565 collo
2034 505 2281 567 decus
2310 524 2387 566 ac
2434 501 2617 566 telam
2649 539 2734 549 —
2778 521 3085 588 suspensa
3130 501 3272 582 diu,

452 605 663 691 fortis
707 606 997 670 harundo
1041 643 1127 654 ——
1159 608 1627 692 pharetraeque
1667 628 1891 691 9raves
1920 606 2249 673 vocabula
2292 605 2479 670 decus
2512 610 2583 671 et
2622 606 2965 690 pharetrae
2996 623 3273 671 commo-

467 714 630 776 nent
677 710 835 775 Hor.
897 710 951 775 Ι.
998 713 1100 775 21.
1166 713 1242 774 11
1308 711 1892 791 msiynemque
1944 711 2253 794 pharetra
2302 711 2727 796 fraternaque
2771 712 3094 774 humerum
3140 708 3277 794 lyra

471 817 650 878 teste
682 815 973 880 Badeno.
1018 813 1346 894 Equidem
1390 814 1714 878 adnotare
1760 813 2103 878 maluerim
2147 813 2308 879 Hor.
2354 832 2551 888 carm,
2602 831 2774 879 saec.
2820 815 2901 892 61
2949 813 3179 900 Auqur
3222 824 3277 877 et

453 918 744 1004 falqente
789 922 1131 984 decorus
1175 941 1330 982 arcu
1358 955 1444 966 —-
1476 920 1781 982 Phoebus.
1828 918 1933 984 De
1964 918 2283 1000 pharetra
2314 917 2641 1000 Apollinis
2674 917 2947 984 disserit
2988 919 3276 984 Flaccus

472 1022 674 1088 etiam
718 1023 770 1088 I.
818 1025 919 1089 10.
969 1027 1049 1088 11
1096 1023 1326 1087 viduus
1359 1023 1674 1108 pharetra
1715 1059 1804 1072 —
1847 1024 1997 1086 risit
2043 1022 2283 1108 Apollo.
2328 1021 2636 1102 Denique
2684 1021 2938 1088 Seneca
2994 1043 3057 1091 v.
3108 1024 3276 1087 1128

471 1127 656 1191 telum
705 1177 718 1191 .
753 1175 767 1190 .
807 1179 820 1192 .
869 1129 1129 1192 missum
1175 1135 1399 1194 certa
1429 1126 1666 1190 librare
1711 1149 1906 1191 manu
1952 1124 2243 1193 fortasse
2290 1129 2376 1192 ad
2406 1126 2567 1191 Hor.
2617 1126 2670 1190 Ι.
2719 1129 2817 1191 12.
2850 1129 2934 1192 23
2965 1126 3281 1190 metuende

473 1241 698 1298 certa
739 1229 838 1279 —'
871 1233 1114 1297 Phoebe
1159 1234 1392 1317 saqitta
1434 1231 1751 1314 respexit.

1623 1663 1720 1743 II.
1783 1662 2111 1745 Troades

481 1874 539 1939 I.
565 1871 1183 1940 amoebaeum
1203 1871 1640 1940 Hecubae
1665 1875 1756 1938 et
1789 1871 2045 1939 chori
2076 1871 2553 1938 v.e7-1e4
2575 1869 3285 1953 anapaestioum.

693 2063 1102 2146 Quamquam
1165 2063 1484 2130 nonnulla
1557 2062 1626 2128 in
1689 2063 1812 2128 hoc
1878 2061 2137 2127 cantico
2201 2059 2591 2126 imitationis
2662 2058 2955 2142 vestigia
3015 2077 3135 2124 nos
3202 2061 3286 2126 ad

479 2168 762 2252 Vergilii
801 2167 1162 2233 Aeneidem
1208 2167 1534 2234 inducunt
1576 2165 1808 2249 veluti,
1855 2170 1933 2254 ut
1978 2184 2107 2231 uno
2154 2166 2393 2232 saltem
2441 2164 2739 2246 exemplo
2786 2181 2927 2228 rem
2974 2182 3013 2228 a
3058 2167 3287 2228 nostro

480 2272 820 2355 proposito
869 2272 1152 2337 alienam
1199 2273 1662 2352 demonstrem,
1708 2289 1770 2337 v.
1819 2271 2159 2334 140—141
2210 2291 2548 2354 maynoque
2591 2267 2734 2332 Ιουι·
2773 2270 3030 2332 victima
3075 2290 3290 2331 caesus

481 2413 568 2424 -
611 2375 803 2462 Siqea
841 2379 1083 2460 premis
1129 2378 1381 2441 litora
1433 2383 1784 2441 truncus
1848 2373 2077 2439 collati
2153 2392 2299 2438 cum
2363 2371 2565 2456 Verg.
2622 2375 2785 2438 Aen.
2847 2372 2937 2438 II.
3001 2374 3127 2437 556
3192 2389 3288 2451 sq.

482 2481 818 2566 Peryama,
888 2492 974 2544 tot
1037 2480 1350 2562 quondam
1414 2481 1671 2567 populis
1733 2483 2042 2564 terrisque
2103 2479 2440 2564 superbum
2485 2515 2568 2524 ——
2614 2488 3001 2563 reqnatorem
3067 2475 3289 2542 Asiae:

481 2587 640 2648 iacet
711 2585 924 2669 inqens
992 2587 1234 2650 litore
1312 2593 1686 2663 truncae,
1767 2588 1990 2649 tamen
2056 2587 2236 2649 certe
2309 2582 2595 2664 plurima
2669 2601 2753 2648 ex
2814 2580 3116 2662 Horatio,
3181 2579 3293 2660 qui

483 2688 872 2771 saepissime
921 2708 1146 2755 casum
1191 2689 1432 2755 Troiae
1480 2689 1731 2773 attigit,
1776 2694 2043 2771 sumpta
2090 2707 2239 2755 esse
2289 2687 2657 2772 apparebit.

686 2793 928 2875 Itaque
976 2796 1272 2876 eandem,
1337 2813 1534 2874 quam
1595 2796 1664 2861 in
1708 2813 1771 2861 v.
1817 2796 2075 2859 69—-72
2124 2792 2695 2875 deprehendimuS‚
2767 2786 3169 2855 sententiam
3216 2810 3293 2851 ex

479 2922 599 2983 quo
630 2901 830 2984 tetiyit
858 2886 946 2946 -ἔ
977 2898 1295 2984 kayqius
1335 2897 1575 2961 Graias
1605 2899 1827 2983 hospes
1856 2896 2152 2984 Amyclas
2181 2900 2499 2979 secuitque
2527 2899 2854 2978 fretum
2878 2892 3073 2977 pinus
3102 2892 3299 2954 matri

484 3039 564 3049 —
611 3026 798 3066 sacra
849 3000 1130 3087 Cybebae
1173 3000 1545 3067 invenimus
1615 3003 1792 3083 apud
1836 3001 1997 3066 Hor.
2044 3001 2097 3066 Ι.
2145 3003 2244 3065 15.
2314 3002 2483 3063 1-2
2541 2999 2775 3062 Pastor
2837 3020 2972 3059 cum
3018 2998 3295 3059 traheret

477 3130 595 3191 per
624 3110 859 3189 freta
901 3104 1170 3168 ‘navibus
1203 3142 1278 3151 —-
1313 3104 1531 3168 Idaeis
1561 3105 1828 3168 Helenen
1868 3105 2156 3189 perfidus
2201 3105 2537 3188 hospitam.
2585 3102 2887 3181 Itemque
2936 3101 3017 3165 de
3066 3101 3295 3164 eadem

486 3228 580 3293 re,
630 3228 826 3289 quam
856 3207 1078 3273 reddit
1109 3207 1365 3273 Seneca
1409 3226 1470 3274 V.
1505 3211 1542 3273 7
1549 3210 1761 3272 7-78
1807 3218 1878 3270 ut
1922 3208 2099 3271 nulla
2142 3207 2275 3270 dies
2318 3228 2605 3270 maerore
2648 3216 2835 3270 earet.
2869 3242 2956 3252 -—
2985 3204 3093 3267 sed
3134 3226 3295 3267 nova

467 3314 662 3399 fletus
707 3336 900 3377 eausa
945 3315 1280 3388 ministrat,
1333 3311 1496 3377 dicit
1540 3310 1862 3377 Horatius
1909 3310 1963 3375 I.
2013 3314 2113 3375 15.
2160 3314 2246 3377 10
2290 3321 2529 3397 quanta
2584 3332 2792 3373 moveo
2821 3308 3073 3393 funera
3120 3308 3296 3370 Dar·
3425 3361 3429 3365 .

493 3419 726 3482 daniae
765 3421 956 3503 genti.
1003 3417 1230 3498 Atque
1277 3418 1364 3481 ad
1407 3434 1469 3482 V.
1515 3418 1859 3481 124—127
1907 3415 2182 3480 columen
2220 3420 2501 3501 patriae,
2549 3438 2729 3477 mora
2757 3414 3080 3496 fatorum,
3113 3449 3198 3457 -
3229 3424 3295 3473 tu

474 3522 882 3609 praesidium
933 3523 1287 3608 Phryyibus
1314 3520 1538 3606 fessis,
1585 3556 1674 3567 --
1717 3530 1788 3583 tu
1831 3542 2055 3584 murus
2098 3544 2241 3585 eras
2282 3523 2631 3605 umerisque
2675 3520 2804 3580 tuis
2848 3555 2933 3564 —
2976 3518 3143 3580 stetit
3185 3514 3299 3578 illa
3418 3535 3429 3547 ·

492 3627 692 3691 decem
721 3626 909 3712 fulta
943 3647 1067 3710 per
1111 3648 1306 3689 annos
1352 3623 1638 3690 conferri
1705 3630 1987 3705 possunt
2048 3624 2118 3689 hi
2181 3624 2309 3690 loci
2354 3624 2514 3689 Hor.
2562 3622 2688 3688 III.
2733 3623 2836 3687 27.
2901 3623 2983 3685 28
3049 3621 3304 3684 Priami

487 3732 712 3795 domus
763 3768 836 3777 —
879 3731 1158 3816 periura
1189 3752 1510 3818 puynaces
1555 3730 1832 3794 Achivos
1858 3768 1947 3777 ——
1978 3730 2300 3794 Hectoreis
2345 3731 2567 3815 opibus
2608 3728 2911 3813 refrinyit
2956 3731 3025 3792 et
3070 3726 3187 3793 IV.
3238 3728 3298 3791 9.

493 3836 770 3900 22-24.

693 3939 866 4003 Item
911 3955 1170 4019 versuS,
1217 3938 1330 4017 qui
1376 3942 1750 4018 sequuntur
1797 3940 2163 4019 128—129,
2227 3949 2424 4001 tecum
2468 3938 2687 4000 cecidit
2732 3957 3127 4018 summusque
3171 3934 3304 3997 dies

494 4080 574 4091 —
606 4038 916 4106 ‘Hectoris
975 4044 1144 4106 idem
1207 4045 1577 4127 patriaeque
1626 4044 1777 4127 fait
1844 4042 2220 4107 adumbrati
2285 4047 2443 4106 sunt
2508 4060 2590 4106 ex
2636 4042 2795 4106 Hor.
2839 4038 2928 4103 II.
2982 4042 3041 4103 4.
3088 4040 3301 4103 9-12

492 4148 830 4212 Barbarae
866 4158 1200 4232 postquam
1245 4147 1515 4211 cecidere
1559 4158 1804 4211 turmae
1847 4180 1936 4193 -
1990 4146 2283 4209 Thessalo
2327 4148 2557 4209 victore
2600 4156 2656 4209 et
2699 4146 3030 4230 ademptas
3072 4142 3305 4207 Hector

494 4289 581 4300 —
629 4253 900 4316 tradidit
944 4254 1150 4337 fessis
1196 4251 1429 4315 leviora
1473 4251 1611 4315 tolli
1635 4289 1722 4298 —
1753 4253 2069 4337 Perqa‘ma
2112 4250 2327 4314 Grais.
2376 4250 2644 4316 Pariter
2674 4250 2929 4315 Seneca
2960 4247 3303 4313 materiam

488 4376 806 4423 versuum
857 4358 1199 4422 145-155
1245 4357 1529 4439 sumpsit
1575 4375 1657 4421 ex
1688 4355 1970 4421 Horatio
2013 4360 2291 4421 mortem
2322 4354 2717 4437 Cleopatrae
2764 4353 3081 4419 laudante
3113 4351 3165 4416 I.
3199 4354 3302 4416 37.

492 4463 746 4526 29—32
792 4462 1154 4525 Deliberata
1197 4471 1390 4524 morte
1417 4461 1704 4546 ferocior
1747 4496 1836 4509 --
1881 4464 2086 4523 saevis
2121 4460 2424 4524 Liburnis
2467 4460 2696 4523 scilicet
2740 4459 3024 4523 invidens
3058 4492 3131 4503 --
3157 4458 3303 4540 pri-

490 4574 642 4629 vata
689 4566 800 4651 (cf.
845 4584 908 4632 V.
956 4568 1080 4630 162
1129 4584 1226 4646 sq.
1273 4588 1396 4629 non
1441 4566 1740 4629 adsuetas
1785 4564 1871 4627 ad
1916 4574 2157 4649 sceptra
2205 4586 2429 4627 manus
2484 4601 2550 4611 -—
2592 4575 2739 4649 post
2784 4574 2956 4647 terya
2988 4560 3161 4625 dabit
3199 4558 3305 4640 -)

492 4668 721 4733 deduci
765 4672 1025 4755 superbo
1069 4708 1155 4719 ——
1200 4692 1322 4733 non
1351 4668 1611 4733 humilis
1655 4669 1882 4732 mulier
1913 4670 2231 4753 triumpho
2264 4667 2373 4754 (cf.
2404 4687 2465 4735 V.
2498 4669 2837 4733 150—151
2872 4688 2994 4729 non
3023 4665 3311 4751 Aryolici

485 4774 739 4859 praeda
785 4775 1098 4858 triumphi
1125 4812 1208 4822 ——·
1240 4774 1515 4837 subiecta
1528 4772 1710 4857 feret
1740 4773 1899 4837 colla
1928 4775 2203 4858 tropaeis
2235 4778 2305 4838 et
2338 4776 2461 4838 153
2494 4790 2636 4853 sqq.
2682 4770 3025 4856 currusque
3054 4792 3307 4855 sequens

491 4918 574 4928 -
651 4876 1174 4964 Aqamemnonios
1235 4900 1438 4941 aurea
1506 4877 1732 4941 deoetra
1785 4915 1873 4925 —
1931 4877 2182 4941 vincula
2238 4887 2488 4963 qestans
2554 4877 2701 4943 latis
2748 4876 2864 4958 fiet
2930 4915 3015 4927 —
3073 4897 3307 4961 pompa
