3759 5400
1686 199 2067 261 .-9-ὲ

466 368 676 433 totum
727 368 1054 434 canticum
1101 367 1490 450 composuit,
1537 367 1938 450 investigari
1982 387 2115 434 non
2158 373 2402 450 potest.
2454 369 2639 453 Quae
2687 390 2818 454 res,
2867 389 3010 437 cum
3059 371 3275 454 ipsum

467 471 798 538 canticum
866 490 948 538 ex
1013 474 1270 537 duabus
1335 472 1642 551 partibus
1711 477 1783 537 et
1827 472 2167 538 sententia
2214 477 2283 538 et
2330 474 2549 540 colore
2597 479 2667 540 et
2711 481 2922 542 metro
2978 475 3159 542 inter
3202 493 3275 541 se

466 573 999 657 discrepantibus
1048 580 1333 658 constet,
1379 576 1640 642 minime
1690 582 1796 642 est
1839 576 2025 654 mira.
2089 577 2340 643 Tamen
2387 577 2455 644 in
2500 578 2722 660 priore
2794 579 3040 645 cantici
3083 584 3275 666 parte

468 680 776 748 versibus
844 683 1190 747 830—875
1253 681 1635 764 composita,
1698 700 1829 762 qua
1885 681 2243 746 Herculem
2306 683 2391 747 ad
2455 681 2704 749 inferos
2762 684 3277 751 descendentem

466 783 766 851 celebrat
830 785 1266 866 eximiamque
1312 785 1462 851 viae
1508 784 1808 852 infernae
1854 784 2297 865 frequentiam
2344 805 2492 851 cum
2539 805 2636 869 ea,
2702 805 2871 867 quae
2925 787 2995 854 in
3038 806 3277 869 pompa

468 886 818 955 Eleusinia
850 907 999 954 esse
1031 889 1308 970 solebat,
1355 888 1612 954 Seneca
1645 893 2006 970 comparat,
2050 907 2287 954 versus
2322 892 2666 956 864—874
2700 896 2874 973 sunt,
2923 890 3055 974 qui,
3102 892 3276 970 quod

464 993 547 1058 ad
595 992 1094 1059 similitudinem
1126 992 1505 1058 sententiae
1540 991 1804 1081 attinet,
1852 994 1940 1058 ad
1969 992 2321 1059 nonnullos
2353 993 2621 1060 Horatii
2650 1012 2887 1060 versus
2923 997 3273 1076 quadrant.

676 1096 1002 1164 Conferas
1067 1098 1152 1162 ad
1216 1114 1416 1163 voces
1482 1098 1732 1162 electas
1798 1101 1867 1162 et
1932 1101 2337 1163 structuram
2412 1098 2776 1164 adhibitam
2840 1098 3139 1166 Senecae
3206 1119 3270 1167 V.

463 1202 805 1266 865--866
867 1224 1038 1265 nemo
1083 1202 1169 1265 ad
1214 1202 1284 1264 id
1327 1224 1464 1266 sero
1511 1204 1690 1284 venit,
1753 1201 1917 1264 unde
1980 1222 2335 1285 numquam,
2395 1239 2461 1250 --
2516 1221 2708 1268 cum
2772 1207 3023 1268 semel
3084 1204 3269 1280 venit,

454 1309 666 1390 potuit
709 1310 942 1370 reverti
969 1307 1129 1373 Hor.
1169 1307 1228 1372 I.
1261 1311 1320 1371 4.
1357 1310 1610 1372 15-18
1670 1308 1846 1372 Vitae
1890 1329 2137 1372 summa
2180 1307 2383 1372 brevis
2426 1329 2595 1392 spem
2626 1331 2737 1371 nos
2779 1319 2941 1372 vetat
2984 1308 3279 1372 incohare

464 1412 720 1496 Zonqam.
777 1411 920 1475 Iam
966 1422 1022 1474 te
1055 1422 1299 1496 premet
1342 1433 1466 1476 ηοω
1494 1411 1886 1496 fabulaeque
1947 1434 2160 1474 manes
2208 1409 2315 1498 [cf.
2368 1430 2431 1478 v.
2480 1413 2605 1476 869
2653 1413 2771 1476 ibit
2816 1413 2903 1476 acl
2946 1436 3157 1477 manes
3205 1415 3273 1478 et

462 1534 522 1581 V.
570 1518 698 1582 835
744 1516 917 1580 ducit
961 1517 1047 1600 ad
1091 1513 1357 1602 muca]
1404 1527 1460 1580 et
1489 1516 1710 1579 domus
1756 1515 1940 1579 eaeilis
1972 1516 2273 1580 Plutonia
2282 1541 2310 1597 ,·
2358 1535 2515 1596 quo
2558 1519 2820 1582 simul
2862 1518 3099 1581 meari-s·
3129 1522 3274 1598 etc„

463 1618 704 1684 deinde
750 1619 914 1686 Hor.
960 1621 1016 1684 I.
1066 1622 1122 1685 3.
1171 1622 1253 1685 32
1298 1622 1707 1702 summotique
1739 1621 1934 1705 prius
1980 1620 2170 1684 tarda
2214 1623 2546 1684 necessitas
2593 1632 2717 1704 etc„
2783 1621 2838 1685 Ι.
2897 1623 2998 1685 28.
3046 1624 3127 1685 19
3177 1639 3274 1701 sq.

459 1725 664 1787 mixta
708 1746 924 1804 senum
969 1748 1045 1788 ac
1089 1727 1376 1788 iuvenum
1421 1724 1755 1788 densentur
1781 1724 2032 1809 funera
2079 1733 2203 1801 etc„
2254 1723 2409 1790 Seu.
2441 1724 2597 1789 ibid.
2643 1745 2703 1790 Υ.
2748 1727 2877 1790 870
2907 1726 3028 1788 tibi
3058 1727 3276 1789 crescit

459 1850 648 1908 omne,
700 1864 781 1876 —
830 1840 886 1891 et
931 1829 1096 1912 quod
1139 1852 1390 1892 occasus
1455 1829 1621 1892 videt
1667 1840 1722 1892 et
1768 1829 1936 1913 quod
1982 1838 2156 1892 ortu-s·
2202 1877 2216 1892 .
2264 1877 2278 1892 .
2331 1878 2347 1892 .
2395 1831 2517 1892 tibi
2578 1851 2745 1892 mors
2796 1851 3137 1914 paramur.
3189 1867 3274 1877 —

459 1929 676 2014 Magis
724 1934 809 1997 ad
841 1931 1166 1998 iustitiam
1199 1933 1438 1999 Mortis
1471 1933 1725 2015 pariter
1761 1933 1969 1998 omnis
2008 1932 2254 1998 aetatis
2288 1936 2489 2012 atque
2524 1931 2771 1998 ordinis
2801 1932 3096 1998 homines
3129 1952 3276 2014 per-

460 2037 802 2116 sequentis
853 2057 1045 2118 quam
1094 2040 1178 2103 ad
1211 2056 1554 2104 numerum
1587 2056 1832 2119 eorum,
1881 2037 2119 2116 quibus
2155 2037 2560 2103 moriendum
2595 2043 2717 2119 est,
2766 2036 3271 2103 describendum

461 2140 602 2222 apti
647 2147 806 2208 sunt
852 2142 1119 2209 Horatii
1180 2161 1416 2208 Versus
1461 2142 1549 2207 II.
1621 2146 1678 2207 3.
1725 2145 1986 2206 21-24
2018 2143 2287 2205 Divesme
2322 2144 2541 2227 prisco
2586 2152 2774 2204 uatus
2821 2143 2897 2206 ab
2927 2141 3158 2206 Inacho
3189 2179 3276 2188 —

462 2247 715 2310 victima
760 2248 854 2311 niz
896 2250 1256 2311 miserantis
1335 2246 1486 2310 Orci
1531 2253 1600 2311 et
1645 2265 1739 2328 sq.
1787 2248 2043 2311 25-28
2092 2268 2295 2309 omnes
2357 2246 2562 2309 eodem
2632 2246 2912 2330 coyimuv·
2966 2244 3074 2331 (cf.
3120 2244 3274 2311 Sen.

460 2348 615 2414 ibid.
660 2370 722 2416 V.
768 2354 893 2416 868
940 2352 1057 2415 ibit
1103 2351 1189 2414 ad
1232 2373 1449 2414 manes
1497 2350 1639 2434 etc.)
1689 2353 1963 2413 omnium
2008 2363 2303 2413 versatur
2348 2372 2515 2414 urna
2558 2351 2759 2413 serius
2789 2352 2965 2413 ocius
3013 2395 3274 2417 ......

464 2456 741 2518 cumbae.
791 2455 1180 2520 Addiderim
1227 2454 1483 2522 numeri
1530 2454 1841 2536 explendi
1906 2473 2111 2519 causa
2154 2453 2315 2526 Hor.
2378 2453 2470 2518 II.
2545 2457 2643 2518 14.
2694 2457 2908 2518 9—12
2973 2454 3277 2538 conpescit

467 2561 704 2622 unda
751 2609 768 2624 .
816 2609 829 2623 .
878 2609 892 2622 .
943 2610 957 2622 .
1007 2560 1397 2646 euaviyanda
1445 2551 1524 2624 (if.
1569 2557 1722 2624 Sen.
1756 2558 1912 2624 ibid.
1959 2561 2084 2622 869
2116 2559 2443 2644 facietque
2490 2559 2680 2621 inerti
2706 2580 2791 2604 —·
2825 2557 2957 2621 vela
2993 2559 3275 2638 Cocyto

463 2666 531 2728 et
576 2663 736 2729 Hor.
783 2663 938 2731 ibid.
984 2684 1042 2730 V.
1093 2668 1194 2740 18,
1251 2663 1503 2751 Cocytos
1551 2686 1804 2744 erran&
1851 2663 2011 2729 Hor.
2057 2662 2146 2728 II.
2197 2664 2296 2727 18.
2343 2664 2425 2727 29
2458 2680 2555 2743 sq.
2604 2661 2781 2726 ‘nulla
2820 2663 3046 2727 certior
3075 2672 3275 2729 tamen

459 2772 718 2852 rapacis
759 2769 912 2833 Orci
922 2769 1059 2851 fine
1103 2770 1416 2833 destinata
1463 2806 1546 2815 -
1591 2770 1692 2831 hie
1737 2768 2069 2853 superbum
2102 2772 2227 2832 ete.
2244 2792 2270 2849 ,·
2316 2767 2477 2832 Hor.
2511 2766 2639 2833 III.
2689 2768 2789 2829 24.
2836 2768 2875 2829 8
2906 2789 3027 2829 non
3054 2767 3275 2831 mortis

461 2872 700 2957 laqueis
746 2875 1034 2959 expedies
1063 2883 1271 2959 caput.
1321 2873 1640 2940 Omnibus
1672 2872 1804 2938 illis
1838 2876 1909 2937 et
1937 2870 2205 2937 Horatii
2238 2875 2307 2935 et
2338 2870 2633 2935 Senecae
2676 2868 2839 2935 locis
2872 2869 3272 2935 sententiam

465 2976 657 3055 quasi
709 2977 1192 3059 praescriptam
1257 2976 1633 3058 putaverim
1695 2978 1905 3044 verba
1949 2976 2109 3041 Hor.
2156 2975 2283 3039 III.
2350 2977 2407 3038 1.
2462 2977 2542 3037 16
2610 2996 2785 3037 omne
2827 2996 3035 3059 capam
3079 2982 3273 3037 movet

461 3102 625 3143 urna
670 3104 904 3144 nomen.

672 3183 972 3249 Alterius
1021 3184 1232 3265 partis
1282 3185 1528 3250 cantici
1591 3183 1995 3249 sententiam
2063 3187 2401 3262 tamquam
2462 3186 2858 3265 regnantem
2921 3181 3274 3261 quaerenti

466 3286 720 3369 nullum
768 3287 1041 3354 Horatii
1105 3307 1369 3353 carmen
1415 3294 1486 3353 et
1533 3285 1805 3352 consilio
1853 3290 1925 3351 et
1972 3284 2178 3352 colori
2223 3284 2520 3367 Senecae
2566 3304 2877 3352 versuum
2926 3288 3273 3353 875—894

464 3390 740 3458 similius
788 3397 1095 3459 occurret
1141 3411 1336 3471 quam
1382 3392 1432 3457 I.
1481 3394 1563 3457 37
1591 3380 1800 3468 'Nunc
1830 3404 1921 3454 est
1965 3390 2295 3455 bibendum
2327 3394 2453 3457 etc.
2504 3390 2780 3468 scilicet,
2830 3389 2889 3455 si
2936 3389 3083 3470 quis
3132 3389 3273 3455 sola

463 3495 830 3563 occasionis
863 3496 1292 3563 similitudine
1323 3498 1654 3561 adductus
1686 3495 1886 3561 moris
1911 3495 2317 3563 Graecorum
2351 3500 2420 3560 et
2448 3495 2893 3561 Romanorum
2924 3494 2993 3559 in
3027 3494 3274 3576 suppli·

463 3598 836 3667 cationibus
901 3600 1359 3668 diversitatem
1425 3604 1494 3666 et
1557 3600 1836 3665 maxime
1902 3599 2289 3666 solutiorem
2342 3598 2636 3666 ineuntis
2701 3616 2939 3664 versus
3005 3597 3274 3663 Horatii

462 3705 764 3772 habitum
810 3705 1000 3789 (nunc
1059 3714 1146 3769 est
1199 3705 1528 3770 bibendum
1526 3704 1563 3789 )
1629 3703 2022 3787 neglexerit.
2067 3742 2152 3757 —--
2196 3702 2515 3770 Venimus
2580 3719 2756 3766 nunc
2820 3703 2908 3766 ad
2970 3701 3273 3785 singulas

462 3809 831 3875 locutiones
869 3827 954 3875 ex
983 3808 1264 3875 Horatio
1297 3811 1702 3889 desumptas.
1747 3808 2071 3874 Versibus
2105 3810 2230 3872 838
2264 3825 2360 3886 sq.
2416 3806 2705 3880 Quantus
2737 3804 2965 3869 incedit
2984 3808 3270 3891 populus

451 3937 576 3999 per
622 3915 805 3979 urbes
848 3950 934 3963 —-
979 3914 1065 3976 ad
1108 3914 1258 3977 novi
1299 3911 1478 3977 ludos
1509 3912 1738 3976 avidus
1781 3912 2016 3974 theatri
2056 3912 2127 3976 in
2172 3915 2456 3975 mentem
2503 3908 2694 3976 nobis
2724 3914 3086 3976 revocatur
3114 3910 3275 3977 Hor.

463 4017 682 4099 Epist.
731 4017 822 4083 H.
877 4021 934 4081 1.
985 4020 1068 4083 60
1115 4027 1170 4080 et
1216 4019 1325 4080 hos
1371 4028 1509 4081 arm
1553 4018 1793 4101 stipata
1837 4018 2079 4079 theatro
2110 4052 2194 4063 —
2224 4023 2457 4098 spectat
2502 4012 2708 4077 Roma
2749 4023 2967 4098 potens
3013 4019 3082 4079 et
3111 4014 3274 4081 Hor.

465 4121 586 4189 Od.
633 4122 723 4187 II.
770 4124 870 4188 17.
920 4125 1002 4187 25
1050 4139 1147 4201 sq,
1195 4124 1301 4185 cui
1331 4121 1610 4207 populus
1625 4120 1934 4207 frequent·
1964 4156 2048 4167 —
2082 4118 2310 4182 laetum
2340 4118 2602 4181 theatris
2645 4127 2739 4181 ter
2768 4120 3009 4199 crepuit
3038 4140 3274 4183 sonum.

463 4227 770 4293 Eundem
818 4228 1076 4293 modum
1122 4225 1473 4308 plagarum
1519 4222 2102 4307 significandarum
2137 4240 2327 4301 quem
2359 4220 2429 4287 in
2472 4240 2535 4288 v.
2571 4223 2914 4287 883-887
2948 4221 3271 4285 Auroram

468 4332 630 4395 inter
677 4342 733 4395 et
783 4330 1140 4417 Hesperum
1179 4367 1248 4377 —
1291 4340 1346 4392 et
1391 4351 1514 4412 qua
1559 4329 1653 4393 sol
1695 4329 1971 4393 medium
2014 4338 2223 4392 tenens
2258 4364 2332 4373 -
2366 4326 2621 4391 umbras
2666 4325 3031 4411 corporibus
3059 4337 3273 4410 nequi,-

463 4436 888 4523 quodcumque
933 4435 1198 4499 alluitur
1242 4433 1438 4497 solum
1479 4469 1566 4481 -·
1598 4433 1768 4516 longo
1823 4432 2081 4518 Tethyos
2116 4430 2381 4507 ambitu,
2433 4429 2546 4495 ubi
2588 4433 2860 4510 Aurora,
2928 4447 3097 4511 quae
3144 4447 3276 4495 vox

464 4541 643 4623 apud
687 4539 1041 4605 Horatium
1088 4557 1218 4605 non
1281 4538 1636 4620 reperitur,
1700 4555 1821 4618 pro
1886 4536 2160 4619 regione
2227 4533 2388 4601 solis
2435 4532 2733 4615 orientiS,
2779 4534 3098 4618 Hespe-us
3142 4529 3274 4599 non

465 4642 944 4712 convenienter
988 4642 1255 4709 Horatii
1302 4641 1453 4708 usui
1498 4660 1616 4723 pro
1665 4640 2031 4707 occidentis
2077 4639 2350 4723 regione
2396 4638 2684 4721 positum
2732 4642 2855 4721 est,
2899 4636 3273 4705 invenimus

465 4753 536 4814 et
581 4748 743 4817 Hor.
803 4747 928 4813 111.
976 4751 1236 4815 53-56
1285 4751 1356 4813 et
1397 4746 1524 4811 III.
1587 4750 1687 4813 14.
1761 4748 1863 4812 36.
1926 4745 2223 4829 Tethyos
2286 4762 2525 4811 nomen
2587 4762 2708 4825 pro
2770 4742 2936 4808 mari
2992 4747 3281 4824 excepto

466 4853 728 4920 Catullo
795 4854 896 4917 88.
965 4858 1004 4919 5
1073 4855 1332 4920 demum
1407 4870 1447 4916 a
1510 4850 1727 4932 poetis
1791 4855 1945 4931 post
1991 4848 2282 4933 Augusti
2345 4852 2634 4915 aetatem
2698 4846 3061 4913 adhibitam
3125 4865 3274 4913 esse
