3759 5400
1549 237 1982 297 ...17-

365 433 600 483 Versus
663 413 716 479 I.
766 416 824 478 3.
872 411 1149 476 2-1-22.
1224 406 1623 492 Nasaiqaam
1686 407 1836 472 deus
1912 405 2179 470 abscidit
2242 444 2326 457 —
2392 405 2675 492 prudens
2738 404 2979 470 Oceano
3042 406 3170 469 die-

362 515 649 584 sociabili
692 553 770 564 --
818 525 1023 579 tero-as
1065 513 1392 580 adnotare
1439 512 1666 578 debeo,

571 621 702 688 Sed
735 619 935 686 etiam
983 616 1395 700 singulorum
1443 633 1525 679 ex
1557 614 1706 680 aliis
1754 613 2156 680 carminibus
2185 614 2479 679 locorum
2525 612 2881 680 manifesta
2929 613 2999 682 in
3042 615 3165 680 hoc

362 726 620 792 cantico
669 728 893 790 exstat
934 719 1239 787 imitatio.
1286 719 1412 785 Sic.
1467 737 1530 784 v,
1579 720 1927 784 329—334
1990 736 2139 786 cum
2182 717 2407 784 verbis
2462 722 2603 782 tum
2660 716 3013 784 sententiis
3078 736 3161 782 ex

365 827 810 911 compluribus
859 824 1258 892 carminibus
1303 822 1693 888 Horatianis
1725 821 1997 888 conflati
2042 825 2229 901 sunt;
2274 820 2403 886 loci
2449 826 2671 887 autem
2717 826 2875 887 sunt
2918 821 3017 886 hi:

1914 945 1956 992 a

567 1035 719 1102 Sen.
771 1035 921 1114 329,
959 1031 1104 1113 330,
1147 1032 1273 1094 332
1325 1028 1622 1094 Candida
1680 1029 1886 1094 nostri
1957 1029 2211 1094 saecula
2244 1039 2467 1114 patres
2507 1065 2594 1076 —
2648 1030 2883 1105 videre,
2937 1027 3170 1114 procul

1341 1151 1377 1198 C

347 1141 592 1329 frdude
635 1249 866 1303 remota
886 1240 1317 1324 —patrioque
1361 1257 1548 1301 eeneoe
1576 1238 1796 1320 faetus
1813 1237 1880 1300 in
1914 1258 2066 1300 arvo
2094 1257 2301 1320 parvo
2320 1235 2509 1320 dives,
2542 1234 2623 1301 cf.
2670 1236 2833 1302 Hor.
2858 1239 3043 1319 epod.
3074 1237 3161 1304 11.

364 1454 532 1516 1-4
576 1452 820 1514 Beatus
861 1447 984 1532 ille,
1031 1448 1140 1532 qui
1171 1443 1397 1532 procul
1436 1444 1698 1531 neqotiis
1727 1481 1810 1492 —-
1841 1453 1911 1506 ut
1946 1446 2169 1530 prisca
2210 1359 2353 1522 9228
2384 1443 2745 1508 mortalium
2776 1456 3141 1529 ——5puterna

1677 1550 1721 1615 b

354 1683 512 1724 rura
561 1574 745 1724 bosius
787 1668 1029 1722 emarcet
1071 1657 1202 1720 suis
1232 1693 1317 1703 —
1347 1653 1580 1719 solutus
1609 1655 1782 1718 omni
1805 1655 2051 1740 fenore.
2087 1651 2405 1720 Conferas
2438 1657 2509 1718 et
2538 1653 2699 1718 Hor.
2732 1653 2787 1718 I.
2824 1656 2980 1719 1.11
3004 1673 3153 1736 sqq.

365 1764 752 1834 Gaudentem
786 1763 1116 1844 patrios
1158 1759 1409 1842 findere
1454 1756 1697 1822 sarculo
1764 1795 1853 1808 --
1914 1775 2160 1839 uaros
2210 1755 2509 1824 Attalicis
2566 1757 3025 1822 condicionibus
3068 1794 3155 1808 —-

357 1889 688 1950 numquam
733 1867 1070 1939 dimoveas,
1114 1875 1183 1927 ut
1225 1870 1395 1927 orabo
1447 1861 1688 1950 Cypria
1718 1899 1806 1910 —-
1844 1863 2163 1949 Myrtoum
2202 1861 2476 1946 pavidus
2518 1872 2717 1926 nauta
2770 1875 2921 1926 secet
2962 1887 3153 1930 mare.

355 1972 604 2037 Versus
651 1975 873 2036 autem
919 1971 1042 2034 331
1078 1991 1194 2032 ma
1239 1969 1489 2052 quisque
1522 1969 1716 2053 χοῖρον
1745 1968 1935 2030 litora
1968 1978 2221 2050 tangens
2250 1966 2423 2032 idem
2454 1964 2903 2050 navigationis
2934 1985 3149 2050 genus

357 2075 577 2158 tangit
623 2080 824 2155 atque
868 2073 1032 2138 Hor.
1079 2071 1168 2137 II.
1217 2074 1319 2137 10.
1367 2075 1406 2136 2
1430 2075 1539 2136 —4
1584 2073 1732 2134 dum
1773 2068 2079 2155 procellae
2122 2107 2208 2118 —-
2250 2081 2470 2134 cautus
2512 2070 2841 2150 horr-eseia,
2886 2073 3147 2136 nimium

349 2179 682 2264 premendo
724 2215 813 2228 --
857 2177 1004 2240 litus
1047 2177 1345 2260 iniquum.
1411 2174 1894 2242 Adnotaverim
1958 2175 2258 2257 exempla
2305 2193 2389 2240 ex
2448 2174 2599 2241 aliis
2654 2173 2923 2241 Horatii
2982 2175 3147 2242 locis

353 2284 592 2364 petita:
657 2281 949 2363 SirenaS‚
1012 2298 1182 2360 quae
1244 2280 1426 2343 dirae
1487 2290 1694 2364 pestes
1753 2279 1822 2344 in
1867 2298 1930 2345 v.
1977 2282 2103 2344 355
2148 2281 2495 2361 vocantur,
2563 2281 2645 2345 ab
2692 2277 2975 2344 Horatio
3020 2283 3146 2344 sat.

353 2388 440 2452 Π.
491 2390 550 2452 3.
597 2390 680 2451 14
724 2387 1047 2470 improbae
1091 2383 1416 2465 appellari
1448 2401 1524 2448 ac
1557 2386 1636 2449 de
1670 2382 1975 2450 Sirenum
2006 2382 2280 2450 vocibus
2322 2382 2563 2448 disseri
2610 2382 2805 2465 epist.
2847 2382 2901 2448 I.
2933 2385 2991 2449 2.
3022 2382 3149 2463 23;

352 2491 483 2556 alia
527 2489 784 2554 minora
827 2505 1041 2566 neque
1087 2486 1235 2552 ideo
1296 2486 1512 2552 minus
1559 2492 1795 2569 aperta
1855 2485 2252 2552 imitationis
2317 2486 2701 2553 testimonia
2756 2491 3031 2552 exstant
3073 2486 3145 2551 in

353 2613 411 2662 V.
456 2596 582 2660 358
639 2591 949 2656 Thracius
1004 2590 1305 2676 Orpheus,
1355 2592 1440 2657 ad
1486 2593 1660 2670 quod
1706 2591 2011 2657 conferas
2042 2591 2203 2657 Hor.
2232 2591 2286 2657 I.
2323 2593 2427 2673 24,
2448 2594 2529 2656 13
2574 2591 2725 2675 quid
2768 2593 2829 2654 si
2858 2591 3147 2654 Threicio

343 2695 634 2763 blandius
687 2696 949 2783 Orphea,
1018 2701 1088 2761 et
1131 2695 1200 2762 in
1257 2714 1318 2762 v.
1369 2700 1496 2763 346
1549 2693 1788 2782 palluit
1849 2696 2085 2779 audax,
2140 2697 2314 2776 quod
2377 2696 2553 2762 idem
2614 2693 2905 2762 occurrit
2966 2697 3144 2777 apud

341 2803 694 2870 Horatium
738 2800 862 2867 III.
910 2804 1011 2867 27.
1057 2804 1160 2879 28,
1207 2819 1402 2881 quem
1447 2800 1662 2867 locum
1707 2801 1839 2867 iam
1886 2800 2266 2884 Zingerlins
2314 2799 2615 2866 contulit.

1609 3146 1887 3228 Medea.

443 3442 590 3508 ΠΙ.
645 3440 1128 3508 Canticum
1175 3458 1256 3506 v.
1304 3439 1750 3509 579—669
1799 3440 2348 3523 sapphicum
2396 3456 2618 3507 cum
2666 3440 3037 3507 sidoniis,
3096 3434 3103 3439 ’

543 3716 686 3781 Hoc
752 3714 1014 3781 cantico
1077 3718 1315 3785 chorus
1383 3738 1667 3786 summos
1733 3717 1962 3784 uxoris
2026 3718 2418 3799 repudiatae
2483 3717 2743 3783 dolores
2807 3717 3128 3783 describit

337 3838 550 3899 neque
617 3820 822 3886 ullum
877 3820 1418 3903 Argonautarum
1482 3827 1761 3904 excepto
1827 3820 2093 3904 Iasone,
2156 3821 2264 3886 cui
2332 3823 2408 3885 ut
2460 3837 2569 3885 res
2631 3820 2803 3887 bene
2848 3822 3135 3905 eveniat,

331 3928 666 4005 precatu-r,
708 3928 986 4006 propter
1015 3942 1197 3990 mare
1229 3944 1390 3993 nece
1421 3926 1704 4009 Absyrti
1734 3924 2059 3992 violatum
2090 3923 2485 4005 impunitum
2512 3922 2723 3989 fuisse
2770 3926 3130 3992 contendit.

331 4028 493 4094 Cum
549 4027 874 4110 plurimae
937 4027 1136 4095 huius
1201 4030 1446 4097 cantici
1513 4034 1743 4113 partes
1807 4048 1892 4094 ex
1948 4028 2100 4094 aliis
2148 4027 2479 4095 sententis
2536 4046 2618 4094 ex
2672 4027 2938 4095 Horatii
2992 4048 3133 4095 car-

329 4132 613 4199 minibus
683 4133 1050 4215 desumptis
1100 4134 1501 4217 compositae
1549 4135 1702 4217 sint,
1766 4133 1962 4215 primi
2025 4150 2262 4201 versus
2326 4135 2706 4199 579-5822
2772 4131 2973 4197 Nulla
3034 4137 3132 4199 vis

323 4236 612 4315 flammae
673 4238 972 4302 tumidive
1034 4241 1205 4303 venti
1265 4274 1345 4289 --
1412 4249 1608 4321 tanta,
1670 4261 1777 4303 nec
1837 4235 1948 4302 teli
1986 4236 2311 4303 metuenda
2355 4239 2534 4324 forti
2574 4272 2662 4284 —
2705 4249 2937 4321 quanta
2994 4262 3130 4302 cum

331 4340 594 4403 coniunx
658 4341 928 4406 viduata
988 4341 1192 4406 taedis
1255 4379 1341 4389 —
1405 4342 1584 4407 ardet
1645 4352 1704 4406 et
1731 4428 1736 4434 Ι
1765 4341 1898 4405 odit
1950 4342 2080 4407 iam
2125 4360 2167 4407 a
2211 4341 2485 4407 Badeno
2549 4342 2916 4423 comparati
2970 4349 3127 4409 sunt

330 4460 476 4506 cum
519 4442 686 4535 Hor.⁶
720 4444 767 4511 Ι.
815 4448 915 4512 25.
982 4445 1059 4509 11
1110 4463 1252 4527 sqq.
1307 4445 1577 4511 Thracio
1621 4447 1955 4511 bacchante
1996 4444 2201 4529 mayie
2235 4444 2346 4509 sub
2392 4447 2557 4508 inter
2601 4482 2683 4491 —
2732 4443 2906 4511 lunia
2948 4455 3122 4511 vento

326 4583 412 4593 -—
457 4568 594 4609 cum
637 4550 754 4613 tibi
782 4549 1073 4635 flayrane
1117 4570 1294 4612 amor
1340 4560 1396 4613 et
1443 4546 1654 4632 libido,
1708 4586 1776 4597 —
1829 4571 1986 4635 quae
2028 4546 2180 4613 solet
2235 4558 2467 4613 matres
2520 4549 2792 4635 furiare
2834 4570 3119 4633 equorum

321 4686 406 4697 —
450 4651 678 4715 saeviet
710 4653 882 4717 circa
926 4655 1098 4717 iecur
1127 4651 1498 4717 ulceromm.
1543 4652 1798 4719 Versus
1845 4656 2087 4729 autem,
2134 4652 2247 4733 qui
2276 4657 2671 4737 sequuntur,
2717 4657 2787 4719 et
2820 4652 3118 4735 inprimis

319 4773 383 4821 v.
431 4756 776 4819 591—594
823 4756 1193 4838 comparari
1255 4760 1539 4839 possunt
1585 4775 1732 4823 cum
1777 4756 2087 4823 versibus
2134 4755 2443 4822 carminis
2489 4756 2542 4821 I.
2577 4759 2675 4820 16.
2721 4758 2954 4841 5-12,
3003 4759 3117 4824 ubi

321 4858 645 4925 Horatius
695 4861 776 4925 de
820 4858 924 4926 ira
967 4861 1288 4943 loquitur:

408 4970 453 5004 o.
480 4972 527 5006 o.
551 4970 607 5008 1¹.
2883 4966 2917 5018 2
