3759 5400
1664 179 2054 240 -5-

453 336 509 430 Ῑ,
556 353 614 431 9,
665 353 744 414 13
791 368 932 430 sqq.
961 349 1132 434 quid
1175 351 1260 412 eit
1287 349 1596 434 futurum
1641 371 1802 430 crae,
1831 349 1996 434 fuye
2042 370 2342 433 quaerere
2388 359 2445 411 et
2493 383 2577 396 --
2622 370 2803 434 quem
2831 347 2988 432 fors
3020 347 3264 411 dierum

455 475 716 538 cumque
782 453 958 518 dabit
1028 452 1200 516 lucro
1255 489 1343 502 -
1389 451 1634 538 adpone
1697 473 1802 515 uec
1864 451 2075 516 dukes
2140 449 2385 515 amares
2445 475 2665 540 epm-ne
2720 475 2888 536 puer
2948 474 3135 538 neque
3192 463 3265 514 tu

454 559 712 622 choreae
756 568 898 639 etc.,·
967 555 1224 638 pariter
1283 560 1496 621 totum
1559 573 1824 622 carmen
1879 555 1977 618 Tu
2020 579 2093 620 ne
2138 556 2480 640 quaesieris
2524 567 2665 636 etc.,·
2712 556 2765 620 Ι.
2794 592 2799 596 -
2832 559 2933 638 18,
2980 555 3264 637 Nullam,

469 662 652 742 Vare,
715 685 901 724 sacra
962 662 1084 724 vite
1123 662 1314 746 prius
1359 662 1590 724 severis
1636 659 1917 724 arborem
1968 665 2093 726 etc.
2157 659 2483 740 multique
2544 659 2659 725 alii
2721 659 2871 740 loci,
2946 678 3109 740 quos
3156 660 3263 724 hic

454 783 845 832 enumerare
890 767 1160 849 longum
1208 769 1330 830 est.

664 869 1080 938 Sententiam
1124 870 1206 934 de
1253 871 1454 933 beata
1500 886 1866 949 pauperum
1900 886 2154 948 suaque
2202 871 2383 951 sorte
2417 870 2881 933 contentorum
2910 867 3055 935 vita
3098 869 3255 934 inde

455 995 500 1041 a
544 996 607 1041 v.
660 977 783 1040 112
817 973 1158 1054 tractavit,
1204 973 1484 1038 maxime
1517 978 1742 1038 autem
1787 993 1849 1039 v.
1883 975 2009 1038 195
2040 972 2170 1038 huc
2202 977 2483 1055 spectat,
2530 972 2643 1053 (1111
2671 971 2830 1038 1111111
2862 990 2946 1037 ex
2974 972 3135 1038 Hor.
3166 973 3261 1038 H.

459 1083 560 1146 16.
609 1083 692 1146 35
739 1080 1168 1145 adumbratus
1218 1095 1367 1143 esse
1415 1077 1702 1144 videtur.

669 1184 826 1249 Hor.
873 1183 962 1248 H.
1010 1186 1108 1247 16.
1157 1185 1240 1247 35
1287 1199 1460 1262 sqq.:
1525 1193 1582 1244 te
1638 1181 1732 1244 bie
1777 1181 1950 1264 Afro
2012 1183 2245 1245 murice
2304 1183 2533 1246 tinctae
2584 1217 2658 1230 --
2707 1183 2977 1247 vestiunt
3039 1181 3260 1261 lanae,-

453 1291 617 1353 mihi
646 1313 861 1375 parva
903 1311 1066 1350 rura
1111 1297 1218 1353 etc.

664 1393 813 1460 Sen.
879 1397 1004 1458 195
1053 1409 1174 1472 sq.:
1235 1413 1332 1454 me
1398 1413 1536 1454 mea
1581 1390 1763 1454 tellus
1813 1427 1903 1438 —
1960 1390 2089 1454 lare
2150 1402 2376 1454 secreto
2438 1400 2689 1476 tutoque
2750 1401 2930 1477 teyat.
2999 1390 3261 1457 Deinde

455 1517 518 1563 v.
567 1501 689 1562 199
738 1503 807 1563 et
853 1499 1008 1562 200:
1075 1496 1416 1580 humilique
1483 1495 1607 1558 loco
1653 1495 1759 1558 sed
1820 1506 1989 1558 certa
2052 1494 2217 1558 sedet
2271 1531 2337 1542 --
2391 1495 2655 1560 sordida
2712 1519 2956 1582 parvae
2983 1493 3261 1581 fortuna

453 1603 677 1666 domus
723 1600 1028 1667 conferas
1075 1618 1220 1665 eum
1267 1599 1427 1665 Hor.
1474 1598 1564 1663 II.
1612 1601 1712 1666 10.
1765 1602 1808 1664 5
1854 1616 2021 1679 sqq.:
2088 1598 2371 1663 Auream
2433 1601 2717 1685 quisquis
2776 1600 3263 1665 mediocritatem

451 1706 684 1790 diliqit,
749 1717 920 1770 tutus
968 1716 1136 1769 caret
1179 1703 1433 1768 obsoleti
1475 1704 1768 1766 sordibus
1812 1705 1975 1784 tecti,
2052 1718 2245 1782 quem
2287 1704 2504 1769 locum
2550 1703 2872 1771 Senecam
2924 1705 2994 1770 in
3040 1708 3259 1769 mente

455 1810 768 1876 habuisse
813 1810 962 1891 ipsa
1006 1809 1336 1875 vocabula
1380 1808 1680 1872 adhibita
1725 1812 2089 1873 testantur.
2574 1893 2586 1899 ⁴

661 1913 980 1980 Venimus
1027 1931 1204 1978 nunc
1249 1915 1334 1978 ad
1380 1911 1782 1978 sententiam
1827 1914 1910 1977 de
1943 1911 2175 1978 mortis
2218 1912 2521 1994 potentia
2565 1930 2645 1977 ac
2676 1913 3097 1996 crudelitate,
3127 1931 3261 1993 qua

456 2021 527 2083 in
557 2037 650 2101 re,
686 2020 816 2084 etsi
835 2037 980 2084 eam
999 2017 1402 2082 sententiam
1434 2018 1782 2082 admodum
1807 2016 2152 2099 vulgarem
2174 2035 2323 2082 esse
2346 2021 2633 2099 constat,
2665 2022 2887 2082 tamen
2904 2017 3259 2082 Horatium

451 2142 495 2188 a
525 2122 780 2188 Seneca
844 2122 1088 2204 optime
1134 2120 1490 2203 spoliatum
1541 2139 1688 2186 esse
1737 2122 2081 2186 concedes.
2131 2121 2353 2201 Atque
2401 2120 2509 2186 hic
2541 2122 2813 2188 Annaeo
2848 2126 2985 2187 tam
3016 2139 3259 2205 magna

452 2226 734 2292 materia
781 2228 863 2292 ab
896 2226 1178 2292 Horatio
1225 2225 1368 2307 ipso
1418 2229 1740 2308 congesta
1785 2224 1854 2289 111
1886 2229 2195 2306 promptu
2228 2223 2377 2307 fuit,
2424 2229 2499 2289 ut
2529 2223 2605 2291 in¹
2627 2230 2731 2292 tot
2764 2229 2830 2290 et
2862 2230 3000 2290 tam
3034 2225 3259 2292 simili-

452 2330 578 2394 bus
627 2330 812 2412 lociS,
857 2330 974 2410 qui
1005 2328 1374 2395 conferenti
1429 2334 1764 2408 tamquam
1809 2347 1933 2394 sua
1978 2334 2215 2410 sponte
2264 2328 2650 2412 offeruntur,
2697 2332 2877 2412 apud
2904 2329 3259 2396 Horatium

452 2434 874 2500 exstantibus
923 2433 1038 2500 vix
1082 2451 1282 2500 unum
1329 2433 1696 2499 alterumve
1743 2437 2114 2498 monstrare
2161 2434 2399 2515 possis,
2444 2451 2637 2513 quem
2682 2433 3003 2500 Senecam
3048 2434 3257 2499 solum

449 2537 842 2604 imitandum
887 2537 1016 2603 sibi
1061 2537 1488 2620 proposuisse
1535 2555 1654 2618 pro
1703 2541 1886 2602 certo
1934 2537 2259 2603 adfirmes
2306 2537 2439 2603 Sed
2485 2539 2662 2617 quod
2705 2537 3255 2605 verisimillimum

451 2641 610 2708 mihi
653 2642 877 2710 visum-
915 2647 1038 2726 est,
1085 2641 1334 2709 adfero.
2662 2645 2669 2650 ’

657 2748 898 2828 Itaque
947 2750 1121 2828 quod
1167 2750 1252 2813 ad
1299 2768 1360 2813 v.
1396 2750 1739 2813 181-184
1785 2748 1988 2811 durae
2022 2760 2339 2833 peraqunt
2377 2771 2579 2833 pensa
2622 2767 2945 2815 sorores
2989 2771 3093 2812 uec
3136 2770 3257 2811 su‘z

449 2863 612 2915 retro
641 2854 801 2934 fila
844 2852 1166 2917 revolt-unt
1227 2852 1542 2934 pertinet,
1605 2852 1983 2916 sententiae
2030 2851 2245 2935 figura
2292 2855 2362 2917 et
2407 2851 2689 2935 singulis
2753 2852 3094 2919 vocabulis
3146 2854 3259 2917 ad-

448 2956 678 3021 hibitis
742 2975 872 3021 non
937 2957 1068 3021 nisi
1131 2974 1214 3021 ex
1273 2956 1433 3021 Hor.
1497 2955 1585 3020 II.
1661 2957 1759 3019 13.
1836 2958 2091 3019 15-16
2166 2958 2463 3037 sumptos
2548 2973 2695 3022 esse
2780 2960 3043 3022 constat
3107 2956 3259 3020 dum

446 3084 550 3123 res
581 3071 636 3124 et
669 3072 840 3124 aetas
869 3072 926 3124 et
955 3080 1340 3125 sororum
1358 3063 1515 3141 fila
1544 3060 1740 3121 trium
1765 3063 2109 3145 patiuntur
2138 3072 2304 3124 atra.
2344 3058 2597 3126 Versus
2630 3065 2851 3126 autem
2886 3063 3256 3126 188-189:

447 3173 612 3227 certo
673 3167 927 3228 veniunt
987 3176 1256 3249 tempore
1319 3164 1556 3225 Parcae
1614 3200 1701 3209 —
1745 3164 1909 3225 nulli
1964 3164 2135 3228 iusso
2197 3188 2435 3229 cessare
2498 3166 2652 3248 licet,
2716 3168 2891 3246 quod
2954 3165 3255 3232 omm‘bus

449 3272 726 3333 mortem
790 3268 1308 3350 exspectandam
1383 3284 1533 3332 esse
1603 3266 2005 3351 significant,
2072 3270 2300 3333 eodem
2363 3270 2645 3335 redeunt
2715 3289 2844 3350 (1110
2900 3269 3256 3336 Horatiani

446 3391 511 3439 V.
562 3371 626 3437 I.
663 3376 722 3437 4.
770 3376 852 3437 16
915 3372 1175 3436 Pallida
1237 3394 1404 3435 ‘mors
1465 3394 1661 3456 aequo
1695 3372 1858 3457 pede
1912 3372 2135 3457 pulsat
2173 3396 2529 3458 pauperum
2585 3376 2877 3439 tabernae
2919 3397 3251 3460 requmque

447 3488 659 3540 turres
723 3482 792 3541 et
854 3476 939 3543 Π.
1008 3481 1064 3541 1.
1114 3481 1220 3541 14:
1287 3500 1488 3561 aequa
1555 3476 1674 3561 leqe
1742 3475 2100 3541 Necessitas
2162 3482 2429 3541 sortitur
2486 3481 2759 3564 insiqnes
2826 3490 2883 3542 et
2953 3479 3110 3541 imos
3186 3484 3256 3544 et

446 3580 534 3646 Π.
595 3585 656 3647 3.
721 3584 806 3645 24
867 3602 1074 3643 omnes
1135 3582 1342 3645 eodem
1404 3584 1698 3667 coyimur,
1762 3584 2039 3645 omnium
2100 3594 2392 3647 vereatur
2452 3606 2617 3647 urna
2681 3586 2885 3647 serius
2928 3588 3099 3649 ocius
3145 3597 3253 3651 etc.

447 3692 518 3750 et
590 3685 645 3751 I.
723 3688 826 3751 28.
873 3686 958 3749 20
1017 3684 1283 3749 Nullum
1342 3709 1530 3749 saeva
1603 3697 1794 3771 caput
1839 3686 2229 3771 Proserpina
2274 3688 2463 3771 su9it
2507 3691 2577 3751 et
2634 3686 2727 3753 H.
2790 3691 2890 3753 18.
2964 3690 3048 3755 32
3112 3708 3256 3771 sqq.

447 3791 674 3875 Aequa
751 3789 932 3853 tellus
1005 3826 1093 3835 ——
1159 3792 1442 3875 pauperi
1511 3790 1862 3853 recluditur
1934 3812 2261 3877 requmque
2324 3793 2569 3875 pueris.
2662 3791 2953 3873 Tropum
3030 3799 3253 3860 autem

445 3893 515 3960 in
581 3913 643 3960 v.
695 3896 816 3959 191
883 3895 1113 3977 recipit
1176 3893 1441 3979 populos
1504 3916 1668 3958 urna
1735 3896 1958 3957 citatos
2021 3893 2278 3960 Seneca
2338 3898 2573 3977 aperte
2630 3896 2913 3979 sumpsit
2959 3916 3043 3962 ex
3088 3898 3250 3964 Hor.

445 3998 535 4063 II.
599 4000 672 4063 3..
723 4000 804 4062 26
871 4008 1159 4061 versatur
1220 4021 1388 4061 urna
1448 4000 1650 4062 serius
1713 4000 1888 4061 ocius
1952 4001 2022 4063 et
2095 3998 2220 4062 III.
2298 4001 2353 4063 1.
2404 4002 2485 4064 16
2560 4022 2733 4065 omne
2794 4025 3000 4087 capace
3060 4016 3255 4069 movet

441 4125 613 4165 urna
655 4124 889 4183 nomen,
938 4120 1106 4181 quae
1153 4102 1474 4184 exempla,
1523 4103 1824 4182 quamvis
1871 4102 2283 4185 singulorum
2314 4104 2785 4171 vocabulorum
2816 4106 3252 4174 imitationem

443 4208 822 4287 ostendant,
866 4211 1109 4289 tamen,
1155 4224 1238 4271 ne
1285 4206 1526 4272 similia
1570 4206 1763 4273 nimis
1805 4206 2288 4287 distrahantur,
2336 4206 2444 4273 hie
2490 4208 2756 4276 colloc0.

650 4309 908 4376 Deinde
972 4329 1037 4377 V.
1087 4312 1430 4376 192-196
1495 4310 1714 4374 Alium
1777 4312 1992 4375 multis
2050 4312 2255 4391 gloria
2318 4316 2505 4377 terrie
2549 4352 2635 4363 -—
2679 4315 2897 4379 tradat
2940 4324 2997 4379 et
3044 4338 3253 4381 omnes

424 4414 626 4499 fama
692 4438 811 4499 per
883 4416 1064 4479 urbes
1131 4452 1203 4461 -—
1271 4414 1536 4498 garrula
1611 4414 1822 4479 laudet
1886 4416 2169 4501 caeloque
2231 4440 2461 4502 parem
2529 4454 2615 4465 -
2667 4418 2845 4483 tollat
2904 4430 2959 4482 et
3022 4422 3249 4501 astrie;

441 4518 612 4583 alius
656 4536 916 4585 ciem-u
962 4556 1048 4567 --
1091 4520 1374 4584 sublimis
1407 4529 1504 4583 eat
1534 4519 1948 4602 potissimum
1996 4525 2271 4602 propter
2314 4540 2582 4588 versum
2630 4525 2753 4587 195
2804 4522 3251 4603 composuisse

440 4621 785 4688 Annaeum
849 4624 1222 4705 putaverim
1286 4624 1615 4690 imitatum
1667 4624 1843 4689 hunc
1887 4625 2105 4691 locum
2163 4625 2324 4691 Hor.
2369 4626 2421 4691 I.
2469 4629 2526 4709 1,
2574 4629 2613 4691 3
2658 4644 2828 4706 sqq.:
2893 4626 3055 4690 Sunt
3098 4651 3253 4713 quos

438 4729 859 4793 curriculo
905 4728 1231 4813 pulverem
1289 4728 1684 4814 Olympicum
1735 4768 1812 4777 -
1860 4729 2172 4814 colleqisee
2236 4732 2416 4795 iuvat
2488 4741 2768 4816 metaque
2825 4730 3110 4815 fervidis
3168 4770 3251 4781 --·

440 4833 650 4895 eviata
725 4832 880 4895 rotis
956 4833 1300 4919 palmaque
1389 4832 1615 4897 nobilis
1689 4870 1775 4881 -
1866 4844 2185 4898 terrarum
2259 4834 2537 4899 dominos
2629 4836 2825 4899 evehit
2914 4836 3001 4900 ad
3092 4837 3251 4901 deos.
