3759 5400
1743 180 2166 242 *20-

559 360 628 421 et
675 357 798 420 861
828 354 1117 438 flayrant
1156 374 1349 437 yenae
1391 351 1691 435 rubentes,
1737 389 1824 400 —
1856 349 2075 437 pallor
2098 353 2303 435 fuqat
2344 351 2651 434 ruborem,
2698 387 2781 398 -—
2824 347 3065 414 ‘nullum
3094 360 3356 434 vaqante

539 460 774 546 foa-ma
799 483 886 506 -ι-
911 466 1118 522 servat
1163 458 1280 521 diu
1321 453 1602 538 colorem,
1647 473 1925 535 quorum
1970 457 2056 521 ad
2101 459 2469 537 postremos
2518 455 2649 520 iam
2678 453 3239 520 Mitscherlichius
3288 456 3356 517 et

556 565 868 652 Badenus
899 560 1166 628 Horatii
1201 561 1437 658 locum,
1474 559 1586 625 ubi
1618 559 1921 625 stimulos
1954 560 2195 626 amoris
2229 559 2549 644 depingit,
2580 560 2955 626 attulerunt
2978 558 3151 624 1.13.
3184 559 3355 623 5-6

563 645 720 730 Tum
761 689 868 731 nec
910 689 1078 730 mens
1122 665 1284 728 mihi
1326 687 1431 728 nec
1473 655 1636 728 color
1683 701 1767 711 —
1811 675 1979 728 certa
2024 664 2163 727 sede
2209 674 2437 728 manet.
2499 663 2741 730 Melius
2790 668 3013 730 autem
3075 682 3160 729 ex
3204 681 3351 744 sep-

554 772 713 836 timo
758 769 1025 836 Horatii
1100 770 1330 851 epod0,
1408 766 1523 834 ubi
1587 769 1667 833 de
1729 765 1955 834 furore
2030 769 2239 835 verba
2301 767 2466 834 facit
2536 773 2755 850 poeta,
2833 766 3353 850 comparaverim

554 893 820 941 versum
869 876 988 957 15.,
1037 875 1148 955 qui
1194 873 1306 940 vel
1348 871 1692 940 vocabulis
1740 872 2057 938 adhibitis
2104 872 2333 939 versui
2396 875 2521 937 859
2572 871 2790 958 pallor
2833 873 3029 958 fuqat
3071 871 3355 936 ruborem

537 966 921 1045 'simillimus
969 982 1102 1044 est:
1147 975 1324 1041 albus
1368 999 1482 1041 ora
1518 974 1732 1062 pallor
1777 977 1997 1059 inficit.
2063 975 2370 1056 Denique
2420 975 2677 1042 omissis
2742 975 2975 1041 mediis
3024 975 3351 1058 versibuS,

554 1085 667 1168 qui
711 1087 796 1150 ad
842 1085 1052 1150 solum
1097 1083 1294 1148 huius
1340 1081 1730 1165 tragoediae
1778 1085 2241 1166 argumentum
2288 1080 2625 1164 pertinere
2671 1084 2973 1164 possunt,
3016 1080 3355 1160 invenitur

548 1184 910 1272 vestigium
977 1188 1302 1268 quoddam
1365 1183 1754 1250 imitationis
1801 1185 1868 1249 in
1918 1205 1977 1252 v.
2025 1189 2150 1251 877
2198 1189 2268 1250 et
2314 1187 2438 1250 878
2502 1194 2737 1268 mergat
2782 1185 2965 1286 ‘diem
3019 1185 3354 1248 timendum

551 1327 636 1343 --—
680 1292 816 1356 dum
859 1291 1055 1356 noctis
1099 1289 1451 1374 Hespe-us,-
1500 1288 1580 1354 cf.
1627 1289 1786 1354 Hor.
1830 1289 1920 1355 ΙΙ.
1966 1293 2027 1353 9.-
2075 1291 2350 1354 10-12,

1659 1496 1778 1578 IV.
1835 1463 2201 1580 Phaedra.

1339 1656 1396 1721 1.
1447 1654 1920 1722 canticum
1967 1674 2047 1720 v.
2096 1655 2558 1724 274—357.

568 1862 579 1868 ,
752 1795 898 1862 Hoc
944 1793 1274 1861 canticum
1319 1793 1607 1861 divisum
1641 1796 1746 1858 est
1790 1793 1858 1857 in
1889 1797 2119 1873 partes
2153 1795 2337 1877 (11168,
2386 1811 2662 1873 quarum
2713 1811 2845 1858 una
2891 1813 2951 1858 v.
3000 1794 3345 1857 274—324

546 1905 760 1976 1116116
823 1898 1159 1982 sapphico,
1230 1899 1448 1963 altera
1491 1917 1552 1964 v.
1602 1899 1946 1962 325-357
1999 1915 2200 1964 versu
2246 1897 2675 1980 anapaestico
2744 1895 3131 1962 continuato
3179 1914 3347 1960 com-

545 2003 766 2088 posita
813 2008 938 2069 est.
987 2003 1228 2070 Totum
1275 2006 1500 2070 autem
1544 2020 1812 2068 carmen
1865 2002 2152 2068 inservit
2200 2002 2639 2068 celebrandae
2696 2000 2939 2068 amoris
2985 1999 3352 2082 potentiae,

547 2127 746 2190 quam
794 2111 864 2172 et
909 2108 1206 2174 homines
1256 2105 1464 2174 omnis
1512 2105 1641 2171 loci
1686 2125 1746 2171 v.
1798 2108 2144 2172 283—290
2190 2110 2392 2185 atque
2448 2105 2693 2172 aetatis
2740 2107 3081 2170 290-295
3130 2108 3200 2170 et
3262 2105 3354 2170 dii

543 2211 771 2300 superi
817 2213 1158 2276 296—316
1207 2211 1546 2295 (Phoebus
1595 2212 1959 2293 296—298,
1990 2210 2310 2292 «Iuppiter
2340 2212 2703 2292 299—308,
2748 2210 2940 2275 Luna
2973 2208 3348 2294 308—316)

545 2321 614 2402 et
661 2317 1015 2399 Neptunus
1063 2317 1409 2381 335-336
1459 2318 1529 2379 61
1571 2315 1903 2380 Η61611168
1951 2315 2284 2380 semideus
2332 2317 2699 2396 316—329,
2754 2313 2914 2394 quin
2962 2314 3163 2380 etiam
3207 2314 3345 2378 ani-

543 2420 741 2502 1116116
787 2424 857 2486 61
907 2421 1082 2486 aeris
1131 2423 1256 2485 338
1305 2425 1374 2484 et
1419 2418 1774 2486 terrestria
1819 2418 2166 2486 339-352
2214 2423 2281 2484 61
2326 2419 2653 2499 aquatilia
2701 2422 2822 2485 351
2876 2417 3189 2484 sentiant.

748 2523 1074 2592 Nimirum
1119 2523 1376 2590 Seneca
1422 2522 1789 2605 potentiam
1809 2525 2051 2589 amoris
2099 2523 2611 2605 praedicaturus
2657 2524 2953 2606 primam,
2987 2526 3061 2588 ut
3077 2522 3349 2587 Horatii

539 2630 592 2693 Ι.
641 2631 744 2694 32.
793 2633 918 2694 9-
925 2631 1009 2694 10
1065 2629 1281 2695 verbis
1327 2633 1500 2711 utar,
1561 2629 1956 2713 Veneremque
2001 2640 2057 2691 et
2120 2627 2222 2693 illi
2265 2667 2345 2675 —
2391 2651 2632 2713 semper
2686 2631 2838 2690 haer
2841 2637 3034 2692 entem
3069 2649 3335 2714 puerum

539 2733 797 2801 indu-cit
841 2752 1115 2819 eamque
1162 2733 1482 2800 marinam
1529 2734 1631 2817 (ut
1679 2734 1901 2799 elucet
1945 2752 2005 2799 v.
2038 2735 2167 2798 274
2214 2734 2379 2797 Diva
2412 2756 2533 2797 non
2587 2733 2730 2795 miti
2764 2742 3060 2818 qenerata
3096 2730 3338 2817 ponto),

543 2857 738 2919 quam
784 2839 1106 2904 Horatius
1154 2856 1414 2918 quoque
1459 2837 1572 2902 IV.
1621 2841 1720 2901 11.
1768 2842 1850 2902 15
1898 2837 2194 2902 nominat
2239 2840 2349 2920 qai
2392 2837 2524 2901 dies
2571 2859 2837 2901 mensem
2896 2837 3148 2900 Veneris
3207 2859 3339 2899 ma—

537 2944 718 3007 rinae
768 2980 840 2991 —
873 2943 1071 3025 findit.
1116 2941 1417 3028 Aprilem.
1473 2942 1756 3007 Praeter
1801 2942 1870 3006 id
1918 2942 2307 3025 exemplum,
2356 2961 2482 3022 quo
2531 2940 2785 3008 Seneca
2830 2940 3345 3024 appellationem

538 3048 622 3113 ab
668 3045 953 3112 Horatio
1000 3050 1390 3127 usurpatam
1423 3046 1770 3112 enuntiato
1815 3044 2129 3128 reddidit,
2174 3063 2513 3127 perpauca
2556 3045 2683 3111 iam
2717 3047 2950 3128 habeo,
2997 3044 3125 3110 nisi
3172 3044 3344 3110 forte

544 3150 1050 3216 usitatissimum
1119 3152 1295 3232 apud
1365 3169 1588 3216 omnes
1656 3154 1892 3232 poetas
1961 3150 2264 3234 LatinOS,
2329 3154 2405 3216 ut
2474 3150 2573 3215 ita
2648 3150 2881 3233 dicam,
2946 3156 3341 3232 apparatum

537 3254 828 3320 Amoris:
876 3253 1169 3341 sagittas
1213 3252 1325 3336 (cf.
1371 3254 1531 3320 Hor.
1576 3253 1664 3320 II.
1713 3259 1769 3320 9.
1816 3258 1898 3319 15
1948 3259 2018 3319 61
2061 3257 2113 3323 Ι.
2160 3257 2263 3319 27.
2300 3256 2407 3339 12)
2442 3265 2511 3320 61
2542 3273 2787 3335 61611111,
2820 3254 3104 3333 denique
3137 3271 3337 3321 voces

539 3359 754 3425 Veluti
798 3358 1036 3423 calores
1080 3343 1151 3423 111
1197 3377 1256 3426 V.
1302 3359 1429 3422 292
1477 3355 1590 3442 (cf.
1638 3358 1798 3423 Hor.
1849 3358 1964 3424 IV.
2014 3364 2073 3424 9.
2124 3360 2235 3444 11)
2284 3369 2353 3423 et
2397 3360 2566 3442 iynes
2620 3358 2688 3422 in
2732 3378 2795 3425 V.
2844 3360 2969 3424 293
3019 3357 3133 3444 (cf.
3181 3357 3340 3424 Hor.

541 3464 594 3532 Ι.
646 3465 749 3530 27.
800 3466 908 3545 16,
948 3462 1073 3529 ΙΙΙ.
1119 3464 1178 3527 7.
1227 3460 1339 3547 11)
1402 3462 1846 3527 adnotaturus
1914 3480 2074 3528 sum.
2142 3462 2275 3528 Sed
2336 3463 2459 3528 hoc
2517 3461 2736 3528 dicere
2805 3462 3008 3529 velim
3069 3481 3335 3530 versum

538 3570 669 3639 275
711 3591 898 3654 quam·
951 3578 1129 3633 vocat
1189 3577 1452 3631 matrem
1509 3568 1794 3652 qeminus
1843 3564 2095 3651 Cupido
2158 3565 2324 3632 nihil
2382 3566 2566 3633 aliud
2628 3567 2759 3633 nisi
2823 3568 3337 3651 appellationem

539 3671 808 3743 Horatii
851 3671 904 3739 I.
953 3676 1076 3741 19.Ι
1107 3675 1141 3738 1
1193 3676 1263 3739 et
1306 3670 1421 3737 IV.
1469 3656 1611 3737 1.'5
1660 3670 1870 3736 Mater
1922 3694 2113 3735 saeva
2152 3669 2537 3755 Cupidinum
2592 3690 2633 3736 a
2678 3672 2933 3738 Seneca
2996 3673 3068 3737 in
3133 3690 3332 3737 enun-

537 3776 780 3845 tiatum
823 3776 1112 3843 solutum
1160 3794 1326 3843 6886.

745 3879 986 3959 Itaque
1035 3880 1280 3949 ceteris
1327 3880 1626 3949 Senecae
1675 3879 2001 3962 versibus,
2048 3879 2287 3961 quibus
2321 3880 2626 3947 Ovidium
2660 3900 2850 3947 suum
2883 3884 3155 3947 secutus
3191 3897 3340 3945 6886

539 3984 702 4055 mihi
741 3982 1029 4067 videtur,
1076 3983 1335 4051 relictis
1383 4003 1621 4052 versus
1671 3986 2034 4067 303--309‚
2083 3984 2321 4065 quibus
2368 3986 2450 4049 de
2510 3990 2708 4068 rapta
2752 3985 3027 4067 Europa
3092 3984 3337 4067 agitur,

543 4100 588 4160 8·-
627 4088 888 4159 Seneca
935 4107 1020 4155 ex
1064 4088 1346 4157 Horatio
1395 4090 1674 4157 eandem
1717 4108 1858 4155 rem
1906 4088 2287 4155 celebrante
2332 4088 2423 4156 ΙΙ.
2467 4092 2569 4154 27.
2618 4092 2699 4155 25
2720 4093 2874 4154 -29
2908 4090 3338 4156 adumbratos

391 4174 400 4188 ‘
538 4196 608 4261 et
652 4192 956 4275 pluribus
1017 4192 1243 4259 verbis
1301 4192 1598 4259 redditos
1647 4212 1795 4259 esse
1858 4192 2255 4275 putaverim.
2304 4193 2457 4259 Sen.
2504 4194 2847 4260 303-309
2895 4196 3115 4280 fronte
3174 4216 3340 4257 nanc

535 4311 718 4362 tow-va
755 4298 1048 4383 petulans
1090 4300 1382 4365 iuuenem
1427 4334 1513 4347 --
1558 4298 1873 4382 viryinum
1918 4301 2151 4363 stravit
2193 4321 2315 4362 sua
2358 4310 2533 4383 terqa
2576 4298 2741 4381 ludo,
2785 4334 2870 4345 —
2902 4320 3140 4383 perque
3186 4299 3336 4382 fra·

536 4414 746 4467 temne
786 4423 950 4471 nova
997 4422 1190 4485 reqna
1219 4400 1455 4483 fluctus
1498 4434 1570 4451 -·-
1607 4398 1844 4485 unyula
1890 4399 2083 4467 lentos
2126 4403 2409 4467 imitante
2452 4426 2657 4467 remos
2680 4440 2767 4451 -
2791 4414 3033 4487 pectore
3078 4402 3339 4465 adverso

539 4506 782 4571 domuit
815 4504 1212 4591 profundente
1256 4540 1342 4555 —··
1382 4528 1506 4591 pro
1551 4528 1668 4571 sua
1709 4516 1913 4573 vector
1958 4507 2129 4570 timi
2135 4507 2275 4571 due
2316 4509 2568 4594 rapina.

745 4610 906 4679 Hor.
950 4608 1076 4677 III
1122 4611 1225 4675 27.
1274 4612 1438 4675 25—-
1449 4612 1532 4675 29
1577 4608 1690 4675 δίε
1751 4620 1806 4673 et
1847 4611 2103 4697 Eue-ope
2155 4613 2400 4675 niveum
2465 4612 2671 4676 doloso
2718 4642 2802 4657 —-·
2845 4611 3111 4675 credodit
3154 4622 3341 4675 tamo

537 4713 724 4788 latus,
813 4725 871 4781 et
944 4724 1273 4780 scatentem
1359 4750 1446 4765 —-
1508 4714 1699 4780 beluis
1763 4726 2029 4800 pontum
2110 4718 2463 4801 mediasque
2530 4716 2811 4801 fraudes
2891 4754 2975 4765 --
3042 4715 3341 4802 palluit

536 4821 788 4888 audam:
