3759 5400
1690 243 1775 253 —
1862 207 1949 270 42
2046 242 2115 252 —
2186 227 2194 236 ·

1724 395 2104 505 Thyestes,

973 607 1074 673 Π.
1124 607 1591 675 canticum
1639 626 1720 674 v.
1769 606 2214 676 336—403
2267 607 2847 691 glyconeum.

713 797 858 863 Hoc
887 797 1215 863 canticum
1245 797 1314 863 in
1333 797 1735 864 editionibus
1761 797 1999 880 incipit
2030 817 2071 864 a
2100 797 2406 865 versibus
2428 800 2771 863 336—338
2794 799 3106 880 (Tandem
3135 799 3307 884 reyia

505 900 727 966 nobilis
781 941 845 950 —
899 903 1151 986 ant-iqui
1187 927 1378 988 ycnus
1419 903 1650 969 Inachi
1691 941 1776 952 —
1803 905 2103 990 fratrum
2148 905 2486 988 composuit
2529 903 2787 987 minas),
2837 921 3004 983 quos
3054 904 3137 969 ab
3184 904 3307 968 1100

508 1007 652 1074 1000
707 1008 904 1089 plane
950 1007 1206 1074 alienos
1251 1007 1609 1076 Richterus
1655 1011 1824 1076 bene
1890 1007 2089 1074 eiecit
2152 1013 2222 1074 et
2269 1011 2628 1089 sequentes
2678 1027 2915 1075 versus
2964 1010 3003 1094 (
3006 1008 3164 1084 Quis
3202 1032 3308 1073 vos

506 1115 784 1197 exaqitat
828 1114 1033 1198 furor
1082 1114 1235 1197 etc.)
1275 1112 1556 1188 initium,
1602 1115 1774 1195 quod
1829 1113 2181 1194 abreptum
2242 1129 2392 1178 0880
2453 1111 2855 1195 suspicatur,
2900 1131 3050 1178 esse
3110 1131 3306 1195 posse

506 1222 732 1300 negat,
766 1219 940 1298 quod
961 1217 1261 1298 equidem
1283 1237 1410 1284 non
1430 1217 1768 1302 intellego,
1800 1219 1970 1282 Nam
2004 1218 2087 1283 ab
2118 1216 2396 1300 insidiis,
2430 1235 2593 1298 quas
2625 1217 2875 1282 Atreus
2924 1219 3112 1283 modo
3161 1237 3306 1283 cum

507 1321 800 1386 satellite
851 1327 1082 1388 contra
1128 1323 1404 1390 fratrem
1455 1323 1980 1408 excogitaverat,
2048 1341 2325 1388 exorsus
2376 1323 2635 1405 choruS,
2702 1321 2816 1402 qui
2864 1321 2995 1387 iam
3044 1322 3303 1389 scelera

505 1427 590 1490 ab
624 1431 904 1506 utroque
935 1425 1145 1494 fratre
1180 1428 1589 1494 imminentia
1619 1427 2016 1510 praesentit,
2062 1427 2305 1510 furore,
2338 1429 2452 1508 qui
2484 1446 2597 1493 eos
2630 1427 3028 1510 exagitaret,
3060 1426 3304 1510 optime

508 1531 838 1614 castigato
902 1532 1231 1600 canticum
1297 1553 1487 1599 suum
1562 1535 1644 1598 de
1718 1531 2021 1600 vanitate
2068 1532 2409 1614 potentiae
2475 1536 2545 1597 et
2610 1535 2693 1598 de
2756 1533 3055 1599 bonitate
3124 1531 3305 1600 vitae

507 1635 852 1702 mediocris
901 1637 1306 1718 pronuntiat.
1369 1637 1502 1704 Sed
1546 1656 1630 1703 ne
1677 1656 2013 1703 connexus
2062 1636 2304 1702 cantici
2359 1636 2551 1704 nimis
2616 1637 3052 1720 distrahatur,
3129 1639 3305 1718 quod

508 1741 594 1805 ad
683 1759 1006 1821 quemque
1087 1743 1348 1809 Annaei
1437 1761 1703 1810 versum
1797 1761 1880 1808 ex
1960 1743 2240 1808 Horatio
2322 1743 2738 1824 desumptum
2819 1741 3063 1825 inveni,
3176 1741 3305 1808 iam

507 1847 857 1912 adnotabo,

712 1950 790 2016 V.
839 1954 966 2018 339
1013 1970 1152 2031 sqq.
1211 1951 1370 2026 Quis
1413 1974 1520 2015 vos
1566 1952 1840 2038 eoect'yitat
1855 1950 2065 2036 furor
2108 1988 2195 1997 —
2240 1947 2499 2013 alternis
2530 1949 2685 2013 darc
2715 1951 3077 2034 sanquinem
3108 1951 3303 2016 valde

509 2054 937 2121 consentiunt
984 2074 1131 2122 cum
1176 2056 1337 2121 Hor.
1386 2057 1574 2138 epod.
1623 2059 1684 2122 7.
1733 2059 1768 2120 1
1819 2073 1961 2135 sqq.
2019 2054 2175 2136 Quo,
2220 2077 2337 2138 quo
2383 2055 2617 2118 scelesti
2658 2055 2847 2117 ruitis
2876 2065 2988 2117 aut
3018 2056 3305 2118 cuo-dem-

508 2161 657 2223 tcris
725 2198 803 2206 —-
867 2171 1172 2245 aptantur
1237 2183 1407 2224 enses
1479 2161 1758 2224 conditi?
1802 2158 2063 2224 Deinde
2110 2157 2362 2223 Seneca
2424 2159 2509 2223 ad
2553 2157 3079 2223 mediocritatem
3124 2159 3305 2226 vitae

509 2264 970 2346 celebrandam
1033 2269 1498 2349 transgressus
1553 2264 1790 2347 omnia,
1854 2283 2025 2345 quae
2071 2282 2297 2346 regem
2341 2281 2472 2328 non
2534 2262 2804 2345 faciant,
2866 2263 3176 2347 explicat,
3236 2264 3306 2328 in

509 2366 748 2447 quibus
798 2369 997 2435 etiam
1047 2369 1144 2455 (in
1191 2390 1251 2437 v.
1299 2372 1676 2455 353—355)
1722 2365 1889 2434 haec
1936 2372 2243 2434 numerat
2286 2391 2404 2431 non
2450 2367 2751 2452 quidquid
2778 2368 2961 2453 fodit
3017 2369 3307 2432 Occidens

510 2510 588 2518 —
635 2485 750 2536 aut
794 2475 967 2538 unda
1021 2475 1226 2560 Taqus
1269 2497 1468 2538 aurea
1511 2512 1596 2522 —
1639 2473 1811 2538 claro
1858 2475 2100 2538 devehit
2146 2473 2338 2538 alveo,
2408 2470 2539 2554 Qui
2606 2491 2846 2538 versus
2910 2491 3305 2553 quamquam

507 2577 755 2644 Petero
804 2583 981 2644 teste
1027 2578 1095 2645 in
1141 2579 1366 2644 codice
1411 2579 1704 2645 Etrusco
1753 2581 2016 2661 desunt,
2068 2583 2290 2644 tamen
2337 2595 2467 2642 non
2516 2569 2661 2643 011111
2704 2576 3021 2642 Richtero
3068 2595 3304 2659 suppo-

510 2681 711 2749 siticii
777 2683 1044 2750 delendi
1100 2687 1274 2767 sunt,
1339 2683 1644 2765 quoniam
1707 2688 1776 2751 et
1826 2685 2033 2750 codex
2088 2683 2155 2749 'E
2220 2681 2566 2748 mutilatus
2614 2702 2760 2748 cum
2804 2683 2928 2748 hoc
2973 2687 3113 2749 tum
3159 2681 3308 2749 aliis

411 2840 426 2855 .
507 2785 670 2852 locis
717 2789 886 2854 bene
932 2808 1014 2855 ex
1059 2788 1208 2855 aliis
1255 2788 1725 2870 manuscriptis
1761 2788 2114 2869 suppletur
2144 2792 2215 2853 et
2245 2786 2344 2852 illi
2376 2805 2634 2869 versus,
2680 2786 2976 2867 quamvis
3009 2807 3140 2854 non
3172 2788 3307 2852 sint

514 2892 898 2975 necessarii,
972 2896 1195 2960 tamen
1243 2914 1326 2960 ex
1371 2893 1638 2977 ingenio
1709 2892 1963 2959 Annaei
2026 2891 2489 2975 amplectentis
2564 2891 2767 2957 talem
2841 2891 3306 2973 descriptionis

513 2997 990 3069 abundantiam
1034 2998 1167 3065 orti
1213 3000 1456 3065 nullam
1505 2998 2039 3081 interpolationis
2086 2996 2528 3080 suspicionem
2574 3001 2860 3064 movent.

728 3100 981 3168 Versus
1013 3108 1355 3170 356—357
1387 3128 1508 3169 non
1538 3104 1838 3189 quidquid
1855 3106 2185 3185 Libycis
2206 3104 2351 3167 terit
2381 3088 2743 3187 ——fervens
2773 3122 2979 3169 area
3009 3104 3311 3166 messibus

509 3204 840 3287 desumpti
885 3212 1043 3273 sunt
1089 3228 1172 3273 ex
1216 3209 1374 3275 Hor.
1419 3210 1474 3275 I.
1524 3215 1580 3274 1.
1634 3212 1716 3275 10
1761 3210 2070 3294 quidquid
2112 3209 2186 3273 dc
2214 3210 2544 3289 Istbycis
2586 3208 2863 3271 verritur
2907 3210 3157 3273 arcis.
3203 3207 3306 3273 Ab

508 3309 612 3375 his
675 3310 985 3379 versibus
1047 3317 1262 3379 totum
1327 3313 1656 3379 canticum
1707 3314 2026 3380 refertum
2082 3318 2187 3379 081
2230 3312 2394 3378 10018
2442 3311 2855 3395 HoratianiS,
2917 3312 3305 3393 plerumque

511 3434 595 3479 ex
640 3415 730 3483 II.
782 3418 879 3495 16,
927 3415 1054 3482 III.
1107 3421 1142 3481 1
1193 3422 1261 3483 et
1307 3420 1346 3483 2
1393 3421 1462 3483 et
1507 3422 1546 3483 3
1596 3419 1985 3501 desumptiS,
2032 3418 2151 3493 ubi
2191 3421 2311 3483 aut
2358 3418 2438 3482 de
2484 3415 2786 3483 vanitate
2818 3416 3157 3498 potentiae
3192 3420 3309 3483 aut

514 3522 596 3585 de
644 3504 1112 3602 tranquilitate
1157 3523 1340 3591 vitae
1407 3524 1729 3588 obscurae
1793 3522 2036 3606 agitur.
2100 3522 2340 3602 Itaque
2384 3538 2625 3588 versus
2672 3524 2865 3586 348-
2890 3523 3015 3586 349
3060 3544 3177 3585 rea:
3222 3532 3311 3584 est

509 3627 620 3708 qui
638 3629 861 3711 posuit
887 3638 1082 3691 victus
1112 3638 1168 3692 ct
1199 3628 1334 3691 diri
1357 3624 1530 3691 mala
1547 3629 1828 3713 pectoris
1859 3626 1970 3711 (cf.
2005 3644 2244 3693 versus
2265 3623 2632 3708 subfrigide
2652 3624 2925 3707 repetiti
2946 3628 3070 3691 388
3094 3630 3163 3691 et
3182 3628 3307 3691 389

508 3729 786 3811 ideoque
847 3751 887 3796 a
933 3732 1158 3798 Leone
1222 3730 1454 3817 deleti)
1522 3730 1810 3797 conferri
1873 3730 2034 3795 licet
2096 3748 2243 3795 cum
2306 3730 2467 3798 Hor.
2531 3729 2619 3795 II.
2688 3732 2789 3794 16.
2838 3733 2921 3794 15
2995 3754 3105 3794 nec
3150 3728 3304 3795 loves

509 3857 750 3900 somnos
795 3814 984 3901 timor
1025 3848 1138 3901 aut
1181 3838 1407 3924 cupido
1456 3874 1535 3883 -—
1581 3836 1874 3901 sordidas
1920 3836 2133 3921 aufert
2164 3838 2232 3899 01
2265 3835 2391 3902 III.
2439 3838 2497 3900 3.
2548 3838 2585 3900 2
2618 3858 2739 3899 non
2778 3834 2982 3899 vultus
3015 3838 3310 3900 instantis

510 3942 769 4027 tyranni
812 3980 892 3987 —
938 3952 1132 4005 mente
1204 3943 1406 4026 quatit
1465 3938 1692 4024 solida,
1755 3959 1946 4022 quem
2009 3940 2224 4005 locum
2285 3939 2417 4005 iam
2478 3938 2857 4023 Zingerlius
2912 3942 2995 4006 ad
3061 3960 3123 4007 v.
3181 3943 3307 4005 358

513 4044 878 4112 adnotavit.
924 4045 1178 4111 Versus
1226 4048 1354 4112 350
1399 4069 1569 4131 quom
1613 4068 1736 4110 non
1780 4044 2037 4109 ambitio
2082 4030 2381 4129 impotem}
2429 4045 2653 4109 eodem
2702 4062 2904 4111 sensu
2952 4044 3169 4110 dictus
3205 4051 3311 4113 est

513 4169 640 4232 quo
685 4151 846 4221 Hor.
891 4150 1011 4217 III.
1059 4153 1117 4215 2.
1163 4152 1246 4216 17
1287 4151 1520 4229 ⁴Virtus
1563 4148 1845 4236 repulsae
1890 4150 2095 4215 nescia
2159 4149 2473 4214 sordidae.
2534 4148 2950 4216 Perlucidior
3012 4148 3142 4214 iam
3206 4155 3311 4215 est
3370 4204 3385 4223 .

511 4254 790 4323 imitatio
853 4255 923 4321 in
986 4276 1048 4323 V.
1115 4258 1460 4322 351—352
1524 4267 1580 4320 et
1641 4278 1979 4340 numquam
2043 4254 2287 4319 stabilis
2332 4255 2535 4341 favor
2582 4291 2661 4303 --
2708 4252 2884 4339 vulyi
2930 4255 3311 4341 praecipitis

509 4372 706 4427 movet
773 4360 1031 4427 collatis
1095 4379 1241 4428 eum
1304 4361 1448 4426 Hor
1510 4361 1599 4425 II.
1654 4364 1712 4427 2.
1779 4362 2067 4426 19-—20'
2096 4382 2205 4439 nec
2266 4361 2456 4425 sumit
2518 4368 2631 4423 aut
2685 4360 2861 4445 ponit
2922 4382 3161 4423 secures
3232 4398 3303 4407 —

511 4470 776 4533 arbitrio
812 4468 1154 4555 popularis
1197 4490 1416 4533 aurae.

559 4648 566 4651 ,
721 4572 950 4639 Genus
997 4570 1406 4655 imitationis»,
1474 4573 1648 4652 quod
1709 4570 1787 4636 fit
1849 4566 2115 4636 Horatii
2177 4569 2514 4636 sententia
2577 4568 2879 4652 pluribus
2947 4590 2987 4635 a
3052 4570 3309 4638 Seneca

518 4676 742 4745 verbis
789 4682 1006 4761 aucta,
1053 4677 1345 4743 occurrit
1388 4674 1458 4741 in
1491 4695 1550 4743 v.
1597 4677 1943 4741 358—362
1990 4696 2165 4759 quem
2208 4698 2329 4739 non
2374 4677 2671 4740 concutiet
2701 4675 2925 4740 cadens
2956 4713 3040 4723 —-
3080 4676 3316 4761 obliqui

825 4786 882 4848 1.

515 4888 622 4952 via
655 4888 1088 4971 fulmini-3,
1133 4925 1214 4935 -
1261 4910 1381 4953 non
1429 4886 1645 4951 Eurus
1688 4885 1946 4973 rapiens
1987 4908 2162 4951 marc
2192 4923 2275 4934 -
2312 4894 2423 4949 aut
2466 4908 2646 4949 saevo
2690 4884 2949 4951 rabidus
2975 4886 3158 4972 freto
3223 4922 3307 4934 --
