3759 5400
1579 167 2005 259 ..ω-ζ

1430 385 1470 430 a
1787 386 1822 432 G

505 453 514 460 “
599 455 750 522 Sen.
795 457 1138 520 622—629
1184 451 1289 516 ille
1331 455 1596 604 vocatii
1640 457 1971 535 yenitus
2022 457 2407 539 Camena,
2454 493 2535 507 --
2582 457 2757 520 cuius
2800 457 2895 523 ad.
2934 430 3209 522 chordas

385 627 742 694 modulante
760 626 1002 715 plectro
1042 665 1112 674 —
1138 627 1367 702 restitit
1396 633 1746 706 towe‘ns,
1777 625 2011 729 siluere·
2038 560 2263 716 υθῗηῦί
2291 663 2379 677 --
2410 651 2547 693 cum
2576 652 2685 693 suo
2716 639 2902 694 cantu
2932 627 3211 695 volucris

394 801 607 866 relicto
649 815 742 850 --'
783 801 1025 885 adfuit·
1046 809 1177 863 tota
1221 801 1546 863 comitante
1588 713 1828 865 silva.

604 975 764 1040 Hor.
817 974 864 1038 Ι.
905 941 1249 1038 '12.7—12
1309 971 1480 1035 Unde
1522 905 1887 1038 υοοιῗῐωη
1923 983 2141 1038 temere
2186 977 2593 1040 insecutae—
2636 974 2897 1061 Orphea
2934 891 3211 1042 silssae
3270 1031 3277 1035 .

407 1186 473 1194 —-
528 1105 759 1231 (Arta
788 1078 1180 1211 matgmd
1205 1059 1553 1226 rapidos
1585 1155 1931 1208 morantem
1975 1183 2061 1194 -—
2090 1063 2562 1252 flitmilnuwt
2608 1145 2821 1232 lapsus
2866 1146 3209 1234 celeresque

495 1252 531 1298 θ

391 1327 672 1386 ‘ventos
725 1355 810 1365 -—
855 1274 1145 1381 blandum
1215 1327 1270 1380 et
1332 1317 1580 1379 auritas
1624 1316 1868 1398 fidibus
1931 1320 2178 1382 canoris
2226 1357 2305 1366 -—-
2356 1320 2573 1383 ducere
2618 1321 2923 1407 quercus).
2966 1321 3213 1402 Itaque

396 1425 678 1491 forsitan
725 1426 856 1491 iam
912 1420 1167 1490 Seneca
1213 1421 1333 1488 hos
1379 1441 1617 1489 versus
1665 1443 1706 1488 a
1750 1423 1825 1488 L.
1873 1424 2193 1490 Muellero
2259 1424 2447 1490 uncis
2493 1425 2785 1492 inclusos
2831 1425 3098 1492 noverit
3141 1429 3217 1491 et

394 1531 464 1594 in
528 1527 892 1611 exemplari
954 1526 1225 1592 Horatii
1286 1545 1405 1592 suo
1469 1526 1732 1610 legerit.
1795 1526 2115 1594 Conferas
2180 1530 2265 1594 ad
2328 1547 2441 1594 eos
2489 1529 2782 1596 Senecae
2828 1547 3066 1594 versus
3135 1534 3214 1595 et

399 1635 558 1701 Hor.
603 1634 655 1699 Ι.
705 1635 804 1698 24.
855 1633 1112 1696 13—14
1168 1629 1338 1705 Quid
1379 1631 1442 1692 si
1493 1630 1778 1694 Threicio
1825 1629 2115 1696 blandius
2169 1631 2419 1717 Orpheo
2458 1671 2523 1679 —
2564 1634 2852 1697 auditam
2896 1635 3213 1698 moderere

396 1737 728 1826 arboribus
756 1736 998 1817 fidem?

606 1842 830 1908 Etiam
875 1841 982 1906 hic
1030 1842 1111 1906 de
1181 1844 1392 1906 morte
1458 1839 1834 1906 sententiae
1892 1841 2072 1924 apud
2135 1840 2485 1907 Horatium
2541 1840 3012 1908 celeberrimae
3068 1840 3217 1905 imi-

405 1945 683 2012 tationis
729 1944 1020 2029 vestigia
1083 1946 1407 2025 quaedam
1456 1951 1752 2011 exstant:
1801 1963 1861 2012 v.
1926 1948 2053 2012 632
2116 1946 2370 2031 contiyit
2442 1957 2652 2010 notam
2707 1946 2907 2032 Styya
2982 1943 3213 2009 Tarta-

397 2069 652 2134 rumqtte
696 2089 782 2098 —
825 2071 946 2114 non
1007 2050 1342 2132 rediturae,
1401 2047 1479 2114 cf.
1524 2048 1576 2114 Ι.
1622 2053 1681 2114 4.
1731 2051 1811 2115 16
1861 2068 2002 2131 sqq.
2074 2049 2217 2113 Iam
2260 2058 2321 2114 te
2368 2057 2603 2136 premet
2670 2073 2795 2114 ηοω
2830 2047 3219 2136 fabulaeque

281 2147 285 2152 ’
401 2155 623 2218 Manes
669 2191 750 2201 —-
797 2165 852 2217 et
897 2154 1115 2217 domus
1160 2151 1341 2217 emilis
1407 2150 1707 2217 Plutonia
1719 2179 1740 2227 ‚·
1803 2174 1917 2237 qao
1962 2153 2151 2217 simul
2211 2157 2443 2218 mearis
2503 2166 2608 2219 etc.
2660 2159 2729 2219 et
2793 2157 2873 2220 de
2920 2153 3219 2219 Hercule

399 2263 638 2340 aperta
683 2256 968 2323 imitatio
1012 2258 1175 2322 Hor.
1221 2256 1273 2322 1.
1320 2260 1377 2322 3.
1423 2259 1507 2322 36
1557 2258 1854 2343 Pero-epit
1902 2252 2261 2322 Acheronta
2306 2257 2643 2322 Herculeus
2675 2257 2854 2322 labor
2882 2257 2953 2324 in
2983 2278 3045 2325 v.
3082 2261 3213 2324 638

396 2374 543 2447 post
571 2363 718 2448 feri
759 2363 942 2425 Ditis
1000 2360 1330 2446 patefacta
1392 2383 1604 2445 ⁹·e9na.
1667 2360 1975 2442 Denique
2040 2364 2124 2427 ad
2169 2381 2231 2428 V.
2277 2363 2621 2427 660—662
2680 2382 2721 2429 a
2766 2363 2843 2428 L.
2888 2361 3219 2428 Muellero

399 2464 781 2549 integritati
848 2483 1008 2530 suae
1077 2465 1430 2531 restitutos
1496 2463 1562 2530 in
1629 2464 1849 2530 Iahnii
1911 2466 2149 2531 Annal.
2221 2470 2374 2532 tom.
2418 2463 2519 2532 ’89
2587 2466 2810 2552 (1864)
2878 2486 3030 2549 pag.
3085 2469 3217 2530 498

400 2571 663 2633 crimine
696 2571 913 2653 patris
940 2561 1221 2652 fulmine
1255 2556 1320 2632 'et
1366 2569 1564 2632 Ponto
1611 2606 1694 2616 —
1743 2572 2011 2634 moriere
2067 2569 2274 2634 Oileus
2318 2568 2579 2652 (Oileu),
2626 2569 2742 2636 ubi
2789 2569 3047 2636 Oileum
3093 2587 3219 2651 pro

399 2672 533 2740 filio
597 2673 804 2739 Aiace
869 2672 1160 2756 positum
1226 2691 1373 2740 esse
1437 2674 1567 2740 iam
1633 2674 2010 2742 Gronovius
2089 2673 2372 2755 ostendi,
2456 2674 2978 2757 comparaverim
3052 2674 3221 2741 Hor.

400 2781 588 2860 epod.
635 2777 686 2842 Ι.
738 2780 992 2843 13-14
1046 2776 1203 2843 Cum
1258 2776 1479 2842 Pallas
1519 2788 1657 2842 usto
1703 2782 1889 2843 vertit
1933 2781 2100 2843 iram
2146 2781 2224 2844 ab
2270 2774 2393 2842 Ilio
2440 2816 2523 2827 —-
2568 2782 2636 2843 in
2676 2781 2943 2865 impiam
2989 2777 3221 2843 Aiacis

397 2894 617 2946 ratem.

1673 3123 1951 3207 Medea.

755 3308 901 3378 IV.
955 3310 1424 3378 canticum
1471 3328 1552 3377 v.
1603 3310 2047 3381 849-878
2096 3314 2869 3383 anacreonticum.

612 3481 831 3549 Huius
877 3483 1122 3549 cantici
1153 3488 1619 3568 argumentum
1652 3483 1909 3551 Seneca
1940 3504 2024 3551 ex
2068 3488 2325 3553 duobus
2373 3488 2773 3555 carminibus
2821 3486 3219 3554 Horatianis

405 3576 748 3654 mutuatus
783 3605 931 3652 esse
962 3587 1262 3654 videtur:
1294 3606 1377 3653 ex
1409 3588 1698 3653 carmine
1729 3588 1779 3654 1.
1814 3592 1896 3655 16
1924 3588 1985 3654 Ο
2012 3602 2213 3656 matre
2222 3593 2511 3689 pulchra
2542 3590 2694 3675 fitia
2716 3590 3049 3678 pulchrior
3090 3604 3225 3677 eta,

405 3693 464 3758 si
510 3694 592 3759 de
639 3692 742 3758 ira
789 3691 1162 3757 sententias
1211 3710 1586 3775 expressae,
1633 3712 1718 3759 ex
1749 3695 1936 3776 epod.
1978 3694 2082 3779 Χ.,
2131 3697 2191 3761 si
2242 3694 2532 3762 furorem
2572 3698 2656 3762 ab
2690 3699 2977 3777 utroque
3020 3701 3229 3779 poeta

403 3796 743 3878 depictum
787 3794 1188 3879 respexeris,
1235 3795 1344 3875 qui
1395 3798 1640 3877 epodos
1687 3798 1911 3880 potius
1960 3800 2333 3880 exemplum
2379 3799 2675 3866 Senecae
2721 3799 2933 3866 fuisse
2976 3806 3229 3885 potest,

404 3898 718 3981 quoniam
786 3918 864 3966 eo
929 3899 1200 3983 singula
1254 3918 1514 3981 quoque
1578 3903 1909 3968 vocabula
1963 3903 2278 3969 adhibita
2333 3902 2441 3989 (cf.
2490 3924 2551 3971 v.
2596 3907 2723 3970 859
2777 3902 2995 3991 pallor
3021 3906 3226 3991 Μαι

404 4003 686 4067 naborem
732 4008 801 4071 et.
847 4006 1032 4086 epod.
1073 4002 1198 4069 ΠΙ.
1246 4008 1327 4069 15
1369 4005 1616 4087 Tacent,
1661 4017 1719 4069 et
1764 4004 1945 4070 albus
1973 4030 2091 4071 ora
2126 4006 2341 4093 pallor
2372 4008 2607 4093 inficit)
2653 4008 3013 4075 referenda
3046 4015 3229 4076 sunt.

409 4108 724 4175 Ceterum
765 4108 976 4173 multa
1007 4108 1309 4190 exempla
1339 4108 1730 4174 imitationis
1761 4110 2176 4177 Horatianae
2221 4111 2355 4179 iam
2399 4117 2677 4195 propter
2720 4114 2933 4195 ipsam
2980 4098 3229 4237 cantici

408 4213 810 4279 brevitatem
857 4210 971 4277 vix
1015 4212 1364 4292 quisquam
1403 4214 3023 4295 exspectaverit..

618 4315 700 4382 In
745 4316 1056 4383 versibus
1105 4316 1335 4398 primis
1384 4320 1726 4383 849—852
1785 4318 2075 4394 Quonam
2117 4298 2374 4390 comta
2416 4340 2771 4387 maenas
2800 4356 2887 4379 -ο
2921 4342 3235 4409 poaecepe

411 4436 622 4481 amore
688 4444 872 4484 saevo
919 4456 995 4469 --
1049 4422 1346 4507 rapitur?
1399 4422 1560 4505 qaod
1627 4425 1953 4507 impotenti
1990 4460 2081 4473 -·-
2124 4427 2393 4512 facinus
2426 4438 2630 4513 parat
2679 4426 2959 4511 furore?
3019 4426 3231 4511 signi-

409 4520 635 4587 ficatio
684 4522 967 4590 feminae
1016 4524 1386 4607 cupiditate
1431 4527 1717 4605 quadam
1761 4527 2211 4595 inflammatae
2256 4535 2335 4595 nt
2378 4530 2685 4606 Bacchae
2748 4531 3042 4604 occurrit
3092 4532 3229 4597 iam

411 4628 592 4708 apud
639 4626 990 4694 Horatium
1036 4628 1164 4695 ΙΙΙ.
1190 4633 1291 4695 15.
1327 4631 1545 4694 9-10
1588 4630 1932 4715 Empuqnat
1977 4636 2273 4698 iuvenmn
2314 4635 2531 4698 domos
2575 4670 2660 4681 --
2697 4634 2882 4719 pulso
2918 4635 3237 4717 invias

407 4732 508 4794 uti
550 4730 792 4795 concita
821 4741 1136 4818 tympano.
1188 4734 1330 4799 Nec
1363 4732 1734 4800 mirandum
1781 4741 1889 4801 est
1930 4737 2108 4803 haud
2153 4756 2365 4804 secus·
2400 4737 2721 4804 Senecam
2765 4742 2969 4819 atque
3010 4740 3235 4805 Hora-

411 4834 578 4902 tium
630 4836 827 4919 signa
873 4836 1077 4902 animi
1122 4838 1705 4905 vehementissime
1763 4841 2071 4907 commoti
2132 4841 2547 4924 expressisse
2592 4841 2807 4909 veluti
2868 4842 2938 4909 in
2983 4863 3050 4910 v.
3098 4844 3233 4909 858

2940 4947 3019 5001 2&—
