3759 5400
1656 185 2085 246 -14-

449 360 836 438 nocentem,
882 356 1059 420 samis
1105 359 1324 422 autem
1373 355 1608 420 dolosis
1653 355 2000 436 epitheton
2030 354 2308 421 Ithacae
2342 354 2485 421 sive
2527 353 2891 420 ablativum
2926 351 3273 433 qualitatis

468 479 619 548 esse
665 459 974 553 idemque
1021 458 1400 543 significare
1467 477 1545 526 ac
1611 459 1901 544 lapidosa
1962 457 2033 524 in
2077 477 2137 524 v.
2187 461 2313 524 818
2380 457 2492 544 (cf.
2540 459 2628 524 ad
2688 458 2859 524 hanc
2904 476 3063 524 rem.
3109 457 3272 522 Hor.

467 563 661 646 epist.
709 564 761 630 Ι.
810 568 868 630 7.
913 567 994 628 41
1047 562 1195 628 Non
1242 575 1330 628 est
1373 575 1564 650 aptus
1608 565 1782 648 equis
1826 562 2039 626 Ithace
2085 563 2252 628 locus
2297 600 2379 609 —
2425 573 2495 626 ut
2539 585 2730 648 neque
2762 561 2986 648 planis
3014 597 3103 608 --
3120 583 3275 646 por-

465 679 670 734 rectus
714 673 946 756 spatiis
989 693 1096 733 ‘nec
1143 668 1373 732 multae
1404 667 1720 753 prodique
1765 668 2043 751 herbae),
2106 665 2411 747 quamvis
2478 667 2684 733 Verbo
2729 666 2963 730 dolosis
3024 662 3277 748 ingenii

470 777 654 838 artes
700 772 852 840 illas
898 771 1118 841 Ulixis
1165 771 1433 853 oblique
1481 769 1672 854 tangi
1718 770 2087 852 putaveris,
2134 769 2424 836 fortasse
2471 789 2604 836 non
2649 769 2953 836 absimile
2986 767 3117 834 erit
3162 770 3274 834 ad-

470 875 736 942 firmare
783 877 1103 944 Senecam
1151 894 1235 943 ex
1278 876 1439 941 Hor.
1487 879 1613 941 Sat.
1661 875 1751 940 II.
1801 878 1903 940 15.
1950 878 1993 939 4
2036 876 2254 938 Iamne
2283 874 2492 938 doloso
2536 897 2656 938 non
2686 874 2845 938 satis
2874 884 2962 937 eet
2991 874 3277 938 Ithacam

467 982 680 1044 revehi
722 981 1066 1063 epitheton
1110 980 1330 1047 Ulixis
1396 977 1734 1061 proprium
1799 981 1887 1044 ad
1955 997 2161 1062 saxa,-
2204 977 2442 1060 quibus
2507 979 2743 1043 Ithaca
2808 976 3289 1060 circumdatur,·

471 1085 990 1168 transposuisse.

1675 1289 2077 1372 Troadum.

431 1508 434 1518 '
545 1503 692 1568 IV.
742 1501 1214 1568 canticum
1258 1518 1339 1566 v.
1385 1498 1939 1568 1009—1055
1986 1497 2539 1580 sapphicum
2588 1514 2810 1566 cum
2857 1498 3208 1565 adonio,

687 1690 946 1757 Seneca
989 1689 1394 1756 immutando
1443 1689 1552 1756 vel
1597 1689 1726 1755 alio
1773 1708 1977 1755 sensu
2026 1689 2419 1772 adhibendO,
2467 1707 2661 1769 quam
2707 1707 2836 1768 quo
2867 1688 3156 1756 Flaccus
3202 1686 3285 1752 iis

479 1813 640 1860 usus
688 1799 856 1880 erat,
921 1794 1296 1860 sententias
1360 1793 1429 1858 in
1493 1793 1619 1859 hoc
1683 1812 1943 1874 quoque
2010 1793 2271 1861 cantico
2335 1792 2737 1860 imitatorem
2802 1811 2875 1858 se
2921 1791 3287 1874 praestitit,

481 1899 666 1965 cuius
713 1899 814 1966 rei
857 1897 1213 1966 manifesta
1259 1900 1656 1964 documenta
1700 1896 1833 1962 iam
1878 1916 2024 1964 sum
2092 1897 2443 1964 allaturus.

685 2003 927 2084 Itaque
991 2004 1075 2067 ad
1122 2021 1184 2068 v.
1234 2003 1661 2068 1020—1021
1727 2012 2030 2066 removete
2096 2010 2427 2068 emtum
2469 2038 2554 2047 —
2599 2023 2761 2065 rura
2824 2002 2938 2086 qui
2996 2000 3289 2064 scindunt

481 2107 773 2192 opulenta
819 2108 1016 2171 bubus
1059 2108 1510 2172 adnotandum
1557 2111 1692 2186 est,
1747 2105 2019 2173 divitias
2065 2105 2265 2172 etiam
2329 2108 2412 2172 ab
2457 2105 2739 2172 Horatio
2805 2107 3035 2171 eodem
3099 2104 3288 2168 modo

482 2231 603 2294 per
649 2211 797 2294 agri
843 2231 921 2276 ac
953 2229 1232 2296 gregum
1263 2211 1753 2292 possessionem
1785 2210 2073 2276 describi
2103 2210 2315 2277 veluti
2347 2212 2537 2292 epod.
2571 2209 2689 2275 IV.
2739 2213 2819 2276 13
2852 2221 2998 2276 arat
3028 2207 3294 2272 Falerni

482 2315 648 2378 mille
675 2316 887 2398 fundi
927 2319 1146 2402 iugera
1194 2321 1263 2382 et
1309 2335 1506 2381 carm.
1540 2316 1629 2381 ΙΙ.
1679 2319 1776 2380 16.
1824 2319 1907 2381 33
1956 2327 2013 2380 te
2039 2338 2251 2401 yreyes
2296 2325 2625 2381 emotum
2656 2315 3024 2402 Siculaeque
3056 2315 3290 2378 circum

483 2421 770 2504 muyiunt
799 2443 1042 2506 vaccae,
1091 2420 1218 2487 ΙΙΙ.
1267 2424 1370 2486 16.
1405 2423 1486 2486 25
1520 2438 1662 2501 sqq.
1703 2419 2101 2508 Contemptae
2130 2421 2421 2485 dominus
2444 2420 2831 2506 splendidior
2860 2422 2960 2483 rei
2991 2457 3063 2466 —
3102 2437 3293 2502 quam

486 2526 566 2606 si,
628 2524 939 2610 quidquid
981 2535 1128 2588 arat
1173 2527 1442 2611 impiyer
1486 2523 1756 2612 Apulae,
1803 2563 1892 2571 —
1936 2525 2245 2590 occultare
2289 2526 2445 2589 meis
2487 2526 2731 2589 dicerer
2796 2526 3055 2589 horreis.
3121 2523 3293 2590 Item

489 2648 551 2692 v.
602 2630 771 2693 1022
807 2631 1097 2717 pauperi
1137 2640 1387 2715 suryent
1448 2631 1654 2693 animi
1714 2633 1981 2692 iacentes
2024 2647 2267 2713 magna
2332 2633 2439 2695 est
2505 2628 2868 2694 similitudo
2938 2647 3086 2694 cum
3131 2629 3293 2696 Hor.

487 2733 616 2798 III.
666 2737 769 2799 21.
820 2737 900 2800 18
947 2735 1228 2821 viresque
1273 2746 1330 2799 et
1393 2734 1582 2799 addis
1625 2757 1861 2799 cornua
1896 2735 2184 2821 pauperi
2248 2737 2318 2799 et
2362 2734 2417 2799 Ι.
2465 2736 2567 2799 18.
2616 2737 2657 2799 5
2733 2720 2894 2808 Quis
2931 2734 3080 2819 post
3142 2736 3295 2799 vina

486 2860 738 2921 yravem
781 2838 1079 2903 militiam
1125 2849 1239 2902 aut
1287 2840 1661 2927 pauperiem
1720 2840 1977 2923 crepat?
2040 2839 2145 2903 Ad
2192 2856 2431 2904 Versus
2490 2842 2713 2904 autem
2760 2840 3190 2904 1039—1041
3242 2849 3299 2902 et

489 2944 593 3005 vir
637 2952 693 3005 et
739 2942 1020 3031 Pyrrha,
1081 2966 1254 3006 mare
1301 2965 1441 3007 cum
1483 2942 1784 3023 vida-ent,
1832 2980 1919 2991 —-
1964 2954 2021 3007 et
2063 2942 2229 3007 nihil
2259 2953 2521 3029 praeter
2584 2965 2760 3006 mare
2822 2966 2963 3007 cum
3023 2944 3301 3007 viderent

387 3098 402 3119 .
491 3084 578 3092 ——
621 3047 798 3110 unici
838 3050 1024 3111 terris
1052 3049 1328 3111 homines
1346 3048 1550 3112 relicti
1559 3047 1830 3129 ,Seneca
1876 3046 2221 3112 materiam
2268 3050 2338 3113 et
2380 3047 2658 3131 figuram
2705 3066 2789 3113 ex
2821 3046 3013 3114 ovid.
3062 3052 3213 3113 met.
3244 3047 3297 3113 Ι.

370 3165 372 3168 ’
494 3152 619 3215 325
633 3153 836 3217 -326
894 3162 950 3216 et
1023 3174 1339 3237 superesse
1393 3152 1558 3217 videt
1621 3153 1698 3216 de
1777 3162 1864 3215 tot
1926 3153 2106 3216 modo
2172 3152 2427 3217 ‘milibus
2488 3174 2681 3215 unum
2725 3190 2812 3199 —
2857 3163 2915 3217 et
2976 3175 3297 3238 superesse

461 3255 667 3318 ·videt
712 3256 789 3318 de
837 3266 924 3318 tot
967 3254 1151 3318 modo
1197 3256 1450 3319 milibus
1495 3279 1708 3338 unam,
1757 3258 2112 3323 verborum
2159 3255 2689 3322 coniunctionem
2735 3275 2819 3321 ex
2846 3256 3007 3321 Hor.
3037 3256 3165 3323 III.
3202 3259 3303 3322 27.

503 3362 579 3425 31
632 3358 911 3441 sumpsit
974 3359 1139 3423 nihil
1191 3371 1371 3423 astra
1411 3369 1666 3443 praeter
1709 3361 1868 3424 vidit
1930 3373 1986 3425 et
2029 3361 2254 3425 undas.
2317 3360 2663 3440 Postremo
2713 3360 2885 3440 quod
2949 3362 3303 3427 verborum

499 3462 876 3529 coniunctio
932 3462 1001 3528 in
1048 3483 1110 3529 v.
1161 3465 1329 3533 1027
1374 3485 1582 3525 secare
1612 3463 1880 3547 fluctum
1923 3482 2043 3545 pro
2090 3463 2389 3549 naviyane
2455 3462 2657 3529 etiam
2722 3466 2899 3549 apud
2952 3464 3304 3531 Horatium

497 3568 552 3633 Ι.
606 3570 664 3632 1.
718 3572 798 3632 14
846 3568 1168 3653 Myrtoum
1199 3567 1482 3653 pavidus
1528 3578 1727 3631 nauta
1781 3579 1931 3631 secet
1977 3590 2155 3630 mare
2199 3567 2553 3650 reperitur,
2620 3572 2695 3633 ut
2763 3587 2955 3634 usum
3019 3567 3303 3634 omnium

500 3677 848 3755 poetarum
894 3690 1295 3739 communem
1344 3670 1614 3738 minoris
1661 3672 1974 3737 momenti
2020 3690 2168 3737 esse
2215 3672 2543 3739 existimo,

1681 4086 1806 4168 HI.
1863 4086 2143 4170 Medea.

581 4298 640 4363 Ι.
692 4297 1177 4367 Canticum
1224 4314 1306 4361 v.
1355 4294 1718 4363 56—115
1767 4295 2379 4377 asclepiadeis,
2428 4299 2915 4382 glyconeis,
2962 4297 3229 4365 hexa-

1513 4417 1836 4485 metris
1880 4417 2309 4485 mixtum.

721 4627 900 4693 Huic
951 4627 1132 4691 chori
1180 4626 1460 4709 canticO,
1507 4628 1681 4707 quod
1729 4629 1833 4691 est
1875 4625 2373 4708 epithalamium
2405 4627 2681 4701 Iasonis
2709 4632 2776 4693 et
2809 4627 3120 4713 Creusae,
3170 4650 3316 4697 cum

514 4731 739 4798 multis
786 4730 1053 4797 Horatii
1100 4730 1502 4797 carminibus
1566 4731 1689 4795 hoc
1739 4749 2076 4797 commune
2125 4736 2249 4814 est,
2316 4733 2487 4812 quod
2534 4731 2991 4799 invocationes
3041 4735 3313 4799 deorum

517 4838 833 4903 continet.
885 4835 1286 4903 Imitationis
1335 4841 1556 4903 autem
1603 4836 2017 4903 Horatianae
2066 4836 2369 4918 exempla
2412 4837 2579 4901 haec
2624 4835 2870 4904 inveni.
