3759 5400
1707 210 2141 272 -46-

523 379 767 462 optime
815 379 1080 462 depicto
1125 379 1250 445 III.
1300 382 1360 444 4.
1409 383 1687 446 49-56.
1734 379 1909 446 Item
1952 379 2244 446 fabulam
2290 381 2373 445 de
2426 399 2641 462 poena
2677 379 2860 463 Tityi
2913 382 2997 447 ab
3044 378 3324 447 Horatio

523 503 653 550 non
699 484 903 550 semel
949 486 1307 549 tractatam
1369 488 1526 550 ante
1573 484 1799 550 oculos
1846 483 2081 550 habuit
2125 485 2194 549 in
2240 503 2302 552 v.
2352 487 2697 551 806—808
2760 485 3064 571 numquid
3118 487 3328 571 Tityos

524 625 611 636 —
649 599 894 675 pectore
929 589 1109 676 fesso
1150 597 1404 654 renovat
1449 576 1691 653 veteres*
1717 627 1799 637 --
1845 591 2098 653 saueius
2142 589 2325 654 irae?
2370 593 2645 671 propter
2692 608 2894 655 unum
2938 589 3329 658 Vocabulum

525 692 724 775 paulo
771 692 1186 760 immutatum
1217 693 1376 759 Hor.
1420 693 1546 759 III.
1591 697 1654 760 4.
1702 696 1784 760 76
1817 695 2247 760 incontinentis
2290 717 2395 759 nec
2448 694 2621 781 Tityi
2676 697 2910 761 'lecum
2948 733 3035 742 —-
3077 695 3330 782 reliquit

523 797 682 878 αἶθος
747 796 960 880 magis
1006 801 1229 864 autem
1277 799 1362 864 ad
1406 807 1636 862 veteres
1679 799 1818 862 irae
1861 797 2201 881 pertinere
2247 797 2516 865 Videtur
2558 795 2676 865 IV.
2724 801 2782 863 6.
2827 801 2865 864 2
2912 799 3070 875 dive,
3144 821 3323 884 quem

514 901 730 986 proles
777 900 1025 967 Niobea
1067 923 1328 987 ‘maynae
1383 939 1450 949 —
1525 902 1828 967 vindicem
1875 903 2125 988 linquae
2180 900 2507 988 Tityosque
2570 910 2865 984 raptor
2923 904 3117 968 sensit
3173 907 3327 985 (πα,

528 1006 610 1071 cf.
659 1004 860 1074 etiam
905 1005 1031 1074 III.
1082 1009 1184 1070 11.
1233 1008 1336 1072 21.
1381 1005 1601 1072 Etiam
1645 1005 1714 1073 in
1759 1025 1820 1075 v.
1865 1008 1993 1072 809
2038 1029 2188 1070 num
2231 1009 2457 1071 reiecto
2482 1043 2562 1054 —
2598 1005 2761 1071 latae
2791 1007 3095 1094 emplicuit
3122 1019 3326 1072 monte

539 1109 910 1198 Typhoeus?
954 1109 1058 1195 (cf.
1107 1112 1193 1176 ad
1255 1109 1422 1174 latua
1483 1110 1786 1196 eoeplieuit
1848 1129 1888 1176 a
1933 1110 2217 1192 Peipero
2284 1110 2574 1177 deletum
2638 1111 2715 1176 B.
2763 1109 3198 1178 Schmidtium
3259 1112 3328 1178 in

527 1215 700 1282 Ann.
747 1215 971 1297 philol.
1025 1217 1095 1280 et
1121 1216 1414 1298 paedag.
1451 1219 1534 1282 97
1583 1213 1808 1303 [1868]
1843 1235 1905 1298 p.
1929 1217 2077 1299 873)
2124 1220 2425 1298 sumptus
2472 1215 2581 1282 vel
2626 1213 2847 1297 potius
2894 1217 3327 1283 adumbratus

527 1324 636 1386 est
680 1339 764 1388 ex
810 1318 1076 1386 Horatii
1120 1318 1568 1402 descriptione
1613 1319 1740 1384 III.
1789 1323 1848 1384 4.
1898 1323 1982 1384 54
2030 1323 2099 1386 et
2145 1322 2227 1386 75
2274 1337 2370 1400 sq.
2402 1343 2525 1384 non
2549 1320 2792 1406 peredit
2834 1323 3327 1402 impositum

526 1422 634 1508 (cf.
683 1423 982 1509 emplicuit
1030 1424 1213 1509 latus)
1258 1424 1414 1489 celer
1456 1426 1622 1510 ignis
1667 1422 1955 1488 Aetnam.
2019 1423 2127 1489 Ex
2188 1426 2419 1490 eodem
2464 1425 2775 1508 carmine,
2840 1427 3017 1507 quod
3062 1427 3327 1492 omnino

525 1527 632 1593 hic
680 1527 1018 1610 exemplar
1061 1527 1452 1595 imitandum
1496 1528 1865 1612 proposuit,
1914 1527 2173 1595 Seneca
2216 1529 2389 1595 hanc
2435 1533 2777 1596 mutuatus
2826 1534 2935 1596 est
2977 1530 3325 1596 materiam

529 1634 615 1700 ad
677 1651 738 1701 V.
805 1635 1148 1698 810—812
1215 1633 1522 1720 numquid
1582 1636 1856 1698 struitur
1918 1635 2027 1699 via
2088 1634 2463 1721 Phleqraeos
2527 1673 2607 1685 —
2654 1627 2790 1700 alta
2846 1659 2965 1722 per
3026 1637 3221 1700 hostes
3268 1647 3327 1700 et

529 1737 956 1803 Thessalicum
1008 1776 1094 1788 -
1149 1735 1419 1803 Thressa
1469 1738 1786 1824 premitur
1831 1738 2049 1804 Pelion
2126 1738 2331 1804 Ossa?
2394 1737 2473 1804 ef.
2530 1738 2691 1805 Hor.
2754 1740 2881 1807 III.
2945 1744 3009 1806 4.
3060 1743 3321 1806 51-52

513 1841 889 1930 fratresque
934 1843 1246 1908 tendentes
1289 1854 1479 1930 opaco
1525 1880 1612 1928 '.···
1657 1843 1874 1908 Pelion
1917 1843 2290 1929 imposuisse
2343 1842 2628 1932 Olympo.

731 1947 814 2015 In
879 1967 960 2014 ea
1025 1947 1271 2014 cantici
1333 1952 1544 2032 parte,
1610 1948 1724 2015 ubi
1789 1948 2029 2014 chorus
2092 1947 2437 2015 interitum
2498 1949 2724 2014 mundi
2767 1952 3062 2031 veretur,
3124 1947 3327 2015 nimia

533 2053 944 2119 abundantia
1006 2069 1167 2120 usus
1213 2052 1473 2120 Seneca
1536 2053 1877 2120 duodecim
1941 2053 2058 2119 illa
2120 2053 2299 2120 orbis
2364 2052 2669 2137 signiferi
2715 2053 2937 2120 sidera
2984 2052 3327 2135 discripsit

527 2156 773 2223 omnia:
818 2156 1116 2223 Arietem
1163 2176 1226 2226 v.
1275 2159 1422 2242 850,
1468 2158 1760 2224 Taurum
1805 2176 1866 2225 v.
1913 2160 2059 2233 852,
2109 2157 2295 2224 cuius
2344 2162 2545 2242 caput
2608 2177 2691 2224 ex
2749 2157 3009 2241 Hyadis
3058 2161 3329 2224 constat

527 2280 588 2329 v.
651 2263 798 2345 853,
863 2259 1176 2328 Geminos
1244 2261 1387 2329 sive
1447 2261 1790 2329 Castorem
1853 2266 1923 2328 et
1969 2262 2305 2328 Pollucem
2371 2282 2430 2329 v.
2478 2265 2625 2348 853,
2682 2263 3007 2329 Cancrum
3071 2282 3131 2330 v.
3179 2264 3329 2345 854,

530 2365 824 2432 Leonem
855 2384 916 2433 v.
949 2368 1096 2449 855,
1144 2366 1486 2450 Virginem
1516 2385 1577 2434 v.
1623 2369 1776 2448 857,
1823 2367 2097 2433 Libram
2127 2385 2190 2434 v.
2236 2370 2383 2450 858,
2428 2365 2748 2449 Scorpion
2782 2387 2842 2434 v.
2878 2369 3025 2450 859,
3073 2366 3327 2432 Arcite-

529 2475 799 2537 nentem
861 2488 923 2537 v.
987 2473 1353 2554 860-862,
1414 2472 1833 2554 Aegocerota
1898 2471 2043 2540 sive
2098 2471 2571 2554 Capricornum
2633 2491 2693 2541 v.
2762 2475 2907 2555 864,
2965 2471 3329 2552 Aquarium

527 2595 589 2643 v.
639 2579 787 2659 865,
831 2575 1063 2644 Pisces
1110 2594 1174 2643 v.
1218 2578 1363 2672 866.
1407 2577 1772 2642 Praeterea
1819 2580 1950 2644 duo
1981 2577 2114 2644 alia
2158 2577 2269 2645 vel
2298 2576 2433 2642 tria
2478 2576 2665 2662 (quia
2694 2575 3153 2658 Arctophylax
3186 2574 3329 2642 sive

525 2680 775 2747 Bootes
821 2700 883 2748 V.
928 2682 1055 2747 869
1101 2698 1259 2763 pars
1307 2680 1632 2748 Ursarum
1678 2681 1813 2769 est)
1860 2681 2217 2765 descripsit
2261 2681 2467 2755 haec:‚
2500 2682 2806 2764 Anguem
2852 2700 2913 2749 v.
2959 2681 3107 2764 870,
3158 2681 3332 2762 quod

525 2784 709 2851 sidus
756 2784 929 2851 idem
963 2789 1068 2852 est
1109 2804 1188 2851 ac
1218 2785 1440 2852 Draco
1486 2804 1547 2853 v.
1594 2789 1743 2870 871,
1790 2790 1858 2852 et
1905 2778 2402 2870 Arctophylaca
2446 2787 2732 2873 (Booten
2779 2785 2888 2853 vel
2933 2784 3320 2867 Arcturum)

524 2909 587 2957 v.
638 2893 767 2955 874
812 2894 882 2956 et
910 2891 1123 2957 Ursas
1171 2893 1317 2973 869,
1366 2909 1536 2970 quae
1582 2893 1754 2957 duae
1786 2895 1965 2973 sunt,
2012 2910 2147 2958 una
2175 2890 2402 2975 maior,
2448 2910 2617 2971 quae
2652 2890 2851 2957 etiam
2884 2889 3321 2973 Erymanthis

527 2994 637 3062 vel
680 2994 1005 3059 Maenalis
1052 2994 1162 3062 vel
1206 2994 1560 3062 Parrhasis
1623 3001 1923 3078 vocatur,
1988 2996 2203 3062 altera
2246 2995 2459 3061 minor
2504 3014 2624 3062 seu
2670 2995 3019 3079 Cynosura
3062 3014 3127 3062 v.
3176 2996 3323 3061 872.

527 3098 678 3165 Sed.
705 3098 1070 3183 videamuS,
1118 3119 1396 3180 quorum
1441 3099 1730 3167 siderum
1777 3120 1858 3167 ex
1904 3101 2006 3184 iis,
2052 3119 2221 3183 quae
2254 3100 2512 3167 Seneca
2543 3104 3023 3183 commemorat,
3070 3100 3200 3167 iam
3244 3101 3327 3165 ab

531 3202 812 3269 Horatio
858 3202 927 3268 in
971 3202 1057 3269 H.
1102 3206 1202 3270 17.
1250 3208 1526 3289 13-20,
1593 3208 1768 3286 quod
1817 3224 2084 3273 carmen
2131 3211 2316 3271 certe
2363 3205 2637 3271 Annaeo
2684 3209 2841 3271 aute
2888 3205 3114 3271 oculos
3162 3208 3329 3286 erat,

528 3312 652 3375 aut
699 3308 859 3375 alibi
906 3309 1150 3375 mentio
1196 3309 1378 3376 facta
1422 3314 1492 3375 et
1539 3313 1858 3391 quomodo
1904 3310 2171 3377 Horatii
2216 3310 2663 3393 descriptione
2710 3308 2968 3376 Seneca
3013 3327 3174 3376 usus
3222 3308 3330 3375 sit.

743 3414 1034 3481 Primum
1065 3415 1341 3498 Hyades
1385 3418 1978 3484 commemorantur
2007 3416 2167 3483 Hor.
2210 3415 2263 3481 I.
2294 3416 2353 3481 3.
2399 3418 2483 3481 24
2516 3415 2722 3480 tristes
2753 3414 3040 3502 HyadaS,
3073 3413 3330 3481 Gemini

529 3518 656 3585 III.
702 3522 805 3585 29.
842 3522 926 3585 64
952 3520 1340 3604 geminusque
1388 3516 1634 3604 Pollux,
1678 3520 1816 3587 Leo
1862 3519 1991 3587 III.
2039 3523 2139 3586 29.
2188 3522 2270 3585 19
2316 3520 2489 3584 stella
2536 3520 2793 3585 ver-cani
2822 3519 3047 3585 Leonis
3083 3557 3155 3567 --
3202 3518 3325 3582 cole

529 3626 670 3689 dies
712 3624 1018 3711 referente
1059 3626 1270 3703 eieeos,
1319 3623 1508 3692 cuius
1554 3642 1794 3692 versus
1824 3624 2261 3691 imitationem
2302 3626 2599 3690 testatur
2627 3622 2883 3690 Seneca
2928 3643 2991 3692 v.
3041 3626 3170 3689 855
3206 3623 3329 3687 Leo

519 3729 929 3815 flammzjfms
973 3729 1247 3795 aestibus
1289 3730 1538 3814 ardens,
1585 3729 1666 3797 cf.
1696 3732 1781 3795 ad
1821 3748 1965 3796 eam
1995 3748 2135 3795 rem
2164 3728 2365 3795 etiam
2396 3729 2555 3795 Hor.
2601 3728 2796 3811 epist.
2830 3728 2882 3794 I.
2919 3730 3021 3795 10.
3056 3731 3333 3811 15-17‚

530 3833 642 3915 qui
687 3834 872 3900 locus
921 3833 1122 3900 etiam
1169 3837 1254 3901 ad
1298 3835 1450 3902 Sen.
1498 3854 1561 3903 v.
1611 3837 1737 3901 848
1762 3874 1790 3882 -
1829 3838 1957 3900 849
2004 3833 2393 3901 referendus
2442 3838 2565 3899 est.
2609 3834 2866 3901 Deinde
2911 3832 3120 3899 Libra
3164 3850 3331 3898 com-

528 3942 930 4004 memoratur
975 3940 1058 4004 ab
1105 3939 1384 4006 Horatio
1431 3957 1560 4005 uno
1609 3940 1968 4019 eodemque
2014 3956 2218 4006 versu
2261 3956 2339 4004 ac
2387 3937 2694 4020 Scorpios
2739 3937 2854 4003 IV.
2919 3940 3022 4005 17.
3086 3939 3167 4003 17
3212 3960 3331 4002 non

531 4042 727 4107 Libra
747 4065 852 4107 eeu
867 4065 964 4106 me
983 4042 1274 4131 Scorpios
1292 4044 2183 4130 adepieitformidulosus
2200 4046 2435 4125 aperta
2452 4041 2837 4125 imitatione,
2858 4061 3049 4123 quem
3066 4060 3332 4111 versum

531 4145 786 4214 Seneca
830 4146 1120 4215 reddidit
1164 4167 1226 4217 V.
1272 4151 1615 4214 858—859
1661 4154 1977 4232 iustaeque
2022 4148 2239 4212 cadent
2272 4147 2562 4233 pondera
2609 4146 2842 4210 Librae
2888 4184 2970 4196 --
3015 4170 3333 4233 secumque

527 4254 774 4317 trahent
804 4251 1110 4338 Scorpion
1155 4272 1460 4320 aerem.
1506 4253 1764 4319 Deinde
1811 4253 1877 4319 in
1914 4251 2300 4335 Capricorni
2346 4251 2565 4317 sidere
2614 4251 3045 4318 describendo
3091 4270 3154 4318 v.
3203 4252 3331 4316 863

521 4358 780 4442 pv'qram
806 4360 1178 4441 referens
1205 4359 1566 4423 hiemem
1593 4360 1919 4440 yelidus
1940 4394 2023 4405 -—
2048 4356 2224 4420 cadet
2244 4354 2579 4439 Aegoceros
2598 4353 2854 4421 Seneca
2884 4353 3329 4421 obscuriorem

537 4460 926 4542 explanavit
986 4461 1254 4529 Horatii
1318 4480 1583 4529 versum
1629 4461 1716 4527 ΙΙ.
1782 4464 1880 4527 17.
1948 4463 2029 4527 19
2092 4483 2201 4525 eeu
2254 4450 2675 4543 tyrannus
2727 4496 2815 4509 —
2865 4463 3333 4542 Hesperiae

533 4568 1096 4646 Capricornus
1140 4570 1446 4646 undae,
1493 4566 1574 4633 cf.
1621 4565 1822 4633 etiam
1893 4564 2014 4633 ΙΙΙ.
2072 4567 2130 4631 7.
2190 4568 2249 4631 6.
2310 4565 2413 4630 De
2460 4565 2782 4631 Ursarum
2828 4565 3045 4631 sidere
3093 4565 3203 4632 vel
3248 4567 3330 4630 de

529 4669 1114 4752 Septentrionibus
1159 4672 1324 4739 haec
1373 4672 1550 4753 apud
1595 4669 1946 4737 Horatium
1991 4669 2246 4737 inveni:
2310 4669 2361 4735 I.
2408 4672 2507 4735 26.
2556 4672 2595 4737 3
2642 4670 2779 4755 quie
2822 4671 2934 4734 sub
2980 4669 3173 4733 Arcto
3217 4692 3333 4731 rem

527 4776 851 4858 yelidae
891 4786 1210 4843 metuatur
1240 4800 1408 4860 orae,
1441 4774 1520 4841 cf.
1556 4775 1706 4841 Sen.
1737 4794 1796 4843 v.
1830 4776 1955 4840 872
1980 4777 2318 4858 friyida
2347 4775 2505 4837 duro
2542 4773 2865 4861 Cynosura
2888 4775 3046 4860 yelu,
3092 4773 3329 4840 deinde

529 4878 687 4945 Hor.
732 4878 822 4946 II.
875 4883 974 4947 16.
1022 4885 1102 4949 15
1147 4900 1501 4964 opacum
1539 4883 1824 4967 porticus
1867 4878 2209 4966 eaece‘pz‘ebat
2255 4880 2509 4964 Arcton,
2556 4878 2681 4946 III.
2732 4883 2789 4948 1.
2838 4882 2920 4945 27
2962 4902 3069 4943 uec
3110 4902 3333 4943 saevus
