3759 5400
1664 184 2093 246 —38-..

2536 358 2592 422 1.

473 495 560 504 -
590 459 982 543 impavidum
1019 459 1266 542 ferient
1297 461 1541 526 minae.
1589 460 1760 526 Item
1792 479 1853 528 v.
1904 461 2111 524 605--
2124 463 2247 525 611
2283 468 2779 541 perrumpet
2821 479 3064 527 omne
3102 479 3275 526 ser-

476 669 781 734 vitisum
805 707 877 716 —-
901 677 1402 749 cmitemptor
1422 671 1729 736 levium
1761 671 2133 748 dearum,
2157 708 2235 716 —
2256 672 2370 753 qui
2395 669 2603 734 vultus
2622 667 2992 733 Aelim-ontis
3022 669 3172 751 atri,
3197 705 3278 716 —

480 773 592 857 qui
633 772 830 859 Styqa
873 775 1110 837 tristem
1154 795 1273 838 non
1336 772 1538 838 tristis
1581 773 1748 838 videt
1795 811 1875 820 —
1924 773 2226 857 audetque
2286 774 2453 838 vitae
2494 795 2727 859 ponere
2776 773 2983 856 finem,
3028 811 3114 821 —
3149 795 3281 860 par

485 875 592 942 ille
635 879 789 963 reqi‚
844 901 975 963 par
1026 879 1276 963 superis
1339 880 1477 942 erit.
1530 915 1608 926 —
1669 876 1722 941 Ο
1783 901 1973 964 quam
2016 879 2312 942 miserum
2358 889 2448 943 est
2501 879 2739 943 nescire
2798 879 2997 942 mori!
3058 892 3278 958 recor·
3346 869 3361 884 ⁰

487 967 849 1047 dationem’
883 985 1152 1050 movent
1211 981 1374 1048 Hor.
1439 982 1554 1049 IV.
1603 985 1661 1048 9.
1706 985 1983 1066 46-52,
2048 981 2161 1049 ubi
2206 983 2289 1048 de
2336 981 2469 1049 alia
2504 1000 2575 1048 re
2640 981 2871 1048 similis
2938 981 3276 1048 sententia

337 1125 347 1134 ·
480 1085 849 1155 invenitur:
907 1087 1166 1152 Rectius
1196 1098 1450 1173 occupat
1501 1125 1572 1136 -
1622 1109 1839 1152 nomen
1883 1088 2066 1171 beati,
2110 1089 2223 1173 qui
2266 1088 2523 1152 deorum
2570 1125 2650 1137 -
2694 1088 3060 1152 muneribus
3104 1087 3276 1172 sapi-

3046 1194 3104 1256 1.

482 1307 647 1361 enter
692 1298 790 1361 uti
819 1333 902 1344 —-
935 1297 1282 1383 duramque
1327 1296 1507 1362 callet
1524 1298 1907 1384 pauperiem
1926 1298 2081 1383 pati
2109 1333 2191 1344 —
2224 1299 2623 1379 peiusque
2666 1300 2819 1364 leto
2849 1298 3284 1380 flavinum.

2759 1404 2818 1468 2.

489 1507 722 1603 timet
769 1543 848 1552 --
911 1524 1086 1572 non
1147 1503 1249 1571 ille
1281 1529 1410 1592 pro
1471 1506 1641 1571 carie
1683 1508 1907 1570 amicis
1973 1543 2055 1554 -
2120 1517 2233 1571 aut
2288 1501 2525 1592 patria'
2579 1508 2931 1573 timidus
2972 1508 3289 1587 perire,-

488 1609 567 1675 cf.
613 1629 674 1677 v.
725 1611 872 1679 611.

695 1713 933 1780 Altera
992 1732 1184 1810 pars·
1217 1714 1462 1781 cantici
1519 1735 1583 1782 v.
1632 1717 1977 1780 627-658
2037 1733 2119 1782 ex
2181 1714 2451 1798 Virgilii
2516 1715 2681 1781 Aen.
2742 1713 2916 1781 libro
2980 1716 3291 1798 secunde,

488 1817 600 1884 ubi
649 1820 729 1885 de
778 1818 1032 1884 excidio
1079 1819 1320 1892 Troiae
1367 1820 1636 1886 Aeneas
1681 1818 1912 1903 refert,
1958 1820 2174 1902 petita
2218 1825 2344 1886 est.
2395 1819 2807 1904 Quamquam
2850 1817 3290 1884 imitationem

487 1923 928 2006 Virgilianam
976 1926 1435 1991 demonstrare
1500 1944 1632 1991 non
1679 1925 2020 2009 constitui,
2086 1930 2311 1992 tamen
2357 1944 2431 1990 re
2478 1924 2645 2008 ipsa,
2708 1929 2786 1990 ut
2832 1942 2977 1990 eam
3022 1926 3286 1989 demon-

449 2032 713 2130 ⁸strem‚
777 2027 969 2108 quasi
1031 2027 1302 2096 invitor.
1363 2028 1604 2109 Itaque
1669 2047 1865 2109 quam
1926 2029 2135 2095 libere
2180 2030 2499 2096 Annaeus
2547 2027 2917 2112 Vergilium
2970 2028 3094 2094 hoc
3136 2029 3281 2094 loco

490 2131 914 2216 expilaverit‚
956 2132 1087 2198 iam
1134 2151 1217 2199 ex
1260 2132 1443 2200 hisce
1492 2133 1812 2216 exemplis
1860 2153 2241 2219 cognosces.

701 2236 852 2304 Sen.
884 2239 1010 2302 627
1043 2256 1183 2319 sqq.
1228 2237 1516 2304 Vidimus
1543 2239 1840 2303 simulata
1871 2242 2096 2305 dona
2119 2277 2190 2288 -
2216 2241 2463 2305 molis
2492 2239 2841 2310 immensae.
2859 2237 3294 2322 Danaumque.

701 2342 902 2426 Verg.
949 2341 1021 2408 H
1069 2346 1147 2408 31
1199 2343 1367 2407 Pare
1410 2349 1624 2429 stupet
1664 2346 1964 2430 innuptae
2010 2347 2326 2410 donum
2370 2341 2691 2408 exitiabile
2738 2343 3065 2408 Minervae
3114 2378 3187 2390 -
3238 2353 3297 2405 et

491 2449 795 2512 molent
835 2447 1140 2512 mirantes
1183 2450 1342 2532 equi.
2136 2463 2153 2483 ⁴

702 2551 854 2617 Seu.
901 2554 1027 2617 629
1054 2549 1271 2638 fatale
1313 2575 1540 2618 munus
1583 2553 1885 2617 dux-imus
1928 2562 2143 2617 nostra
2186 2589 2274 2601 —-
2320 2550 2563 2617 creduli
2602 2553 2853 2620 dextra.

702 2655 904 2740 Verg.
938 2655 1027 2724 II.
1052 2645 1200 2724 '235
1245 2675 1344 2740 sq.
1393 2657 1738 2745 Accinqunt
1785 2680 1991 2723 omnes
2034 2660 2214 2743 operi
2243 2657 2632 2743 pedibu-sque
2676 2669 2964 2723 rotarum
3020 2693 3083 2707 —
3138 2658 3298 2722 subi-

496 2762 664 2825 ciunt
709 2760 923 2845 lapsus
967 2773 1022 2827 et
1067 2774 1292 2848 stupea
1336 2763 1586 2828 vincula
1629 2760 1782 2829 collo
1828 2800 1914 2811 —-
1957 2762 2304 2827 intendunt.

703 2865 853 2931 Seu.
899 2869 1239 2934 629-631
1291 2869 1661 2953 tremuitque
1689 2892 1872 2955 saepe
1898 2906 1972 2915 —
1998 2870 2299 2935 limine
2341 2870 2441 2933 in
2469 2870 2655 2950 ipso
2703 2870 2973 2953 sonipes,
3018 2870 3303 2932 cavernis

501 3008 580 3018 --
629 2971 907 3035 conditos
951 2996 1122 3058 reyes
1165 2974 1502 3059 bellumque
1540 2985 1821 3060 qestane;

708 3075 908 3142 Verb.
952 3076 1106 3143 ibid.
1153 3081 1279 3144 337
1325 3098 1422 3160 sq.
1471 3078 1738 3144 Scandit
1783 3075 2031 3165 fatal-ie
2074 3078 2370 3143 machina
2423 3100 2640 3141 muros
2683 3078 2837 3163 feta
2879 3077 3079 3141 armis
3123 3081 3192 3142 et
3239 3096 3301 3143 v.

501 3182 626 3243 242
675 3197 771 3260 sq.
820 3190 1041 3264 quater
1082 3184 1265 3263 ipso
1326 3185 1428 3248 in
1472 3185 1770 3249 limine
1825 3194 2049 3269 portae
2093 3221 2174 3231 —
2220 3181 2495 3246 substitit
2554 3176 2739 3266 atqu‘e
2800 3192 2973 3245 utero
3033 3182 3303 3245 sonitum

501 3292 728 3367 quater
770 3307 957 3350 arma
999 3286 1247 3366 dedere3
1295 3286 1372 3351 cf.
1419 3285 1571 3352 Sen.
1621 3291 1965 3353 634-635
2009 3310 2194 3374 saepe
2246 3296 2575 3351 commotae
2620 3307 2872 3350 sonuere
2906 3308 3176 3370 parmae
3229 3324 3295 3332 —

501 3391 876 3475 tacitumque
907 3391 1222 3476 percussit
1265 3414 1474 3456 aures.

713 3494 865 3561 Sen.
914 3498 1117 3561 632-
1131 3496 1258 3561 633
1303 3508 1359 3561 et
1406 3496 1582 3561 licuit
1625 3496 1804 3561 dolos
1847 3519 2123 3578 vereare,
2166 3508 2239 3560 ut
2282 3499 2416 3582 ipsi
2450 3533 2519 3543 —
2562 3496 2815 3579 fraude
2858 3520 2977 3561 sua
3018 3498 3306 3560 caderent

505 3599 770 3685 Pelaeqi.
823 3638 895 3647 —
953 3600 1154 3683 Verg.
1199 3600 1356 3666 ibid.
1406 3604 1660 3667 35-38
1724 3600 1812 3665 At
1865 3600 2075 3688 Capys
2118 3610 2173 3665 et
2206 3623 2467 3685 quorum
2509 3601 2729 3666 melior
2771 3603 3075 3666 sententia
3120 3602 3307 3665 menti

506 3730 602 3751 -·
633 3714 746 3767 aut
771 3704 994 3791 pelaqo
1023 3709 1324 3771 Danaum
1357 3706 1628 3771 insidiae
1655 3716 2057 3791 suspectaque
2082 3706 2251 3771 dona
2282 3743 2365 3753 -
2400 3703 2509 3791 (cf.
2540 3705 2691 3779 Sen.
2738 3726 2803 3773 v.
2850 3705 2977 3771 627
3008 3706 3306 3771 simulata
3414 3764 3419 3769 .

505 3810 699 3889 dona)
749 3810 1188 3897 praecipitare
1231 3809 1439 3876 iubent
1482 3811 1881 3893 subiectisque
1925 3832 2109 3875 urere
2136 3810 2421 3895 flammis
2463 3847 2546 3858 —
2593 3821 2707 3873 aut
2770 3810 3077 3875 terebrare
3120 3834 3309 3875 cavas

507 3917 676 3979 uteri
717 3924 772 3981 et
819 3926 1055 3979 tentare
1101 3913 1385 3980 latebras.

2203 4022 2262 4084 1.
3116 4021 3175 4083 2.

713 4126 886 4191 Item
932 4145 994 4193 v.
1062 4128 1188 4192 638
1252 4145 1350 4206 sq.
1415 4125 1653 4191 Secura
1717 4134 1912 4189 metus
1954 4127 2251 4192 Troica
2301 4126 2561 4206 pube-3
2624 4162 2709 4172 --
2754 4147 2963 4190 sacros
3007 4128 3311 4207 qaudet

683 4234 743 4297 3.
954 4235 1016 4296 4.
1623 4264 1630 4272 -

508 4347 849 4419 tanyere
879 4340 1138 4421 funes
1202 4340 1330 4402 etc.
1395 4337 1566 4403 bene
1614 4337 1949 4418 quadrant
2010 4337 2097 4403 ad
2142 4335 2347 4420 Verg.
2413 4334 2570 4402 ibid.
2620 4355 2681 4402 v.
2739 4337 2867 4400 238
2922 4352 3017 4415 sq.
3054 4338 3310 4414 pueri

928 4444 985 4508 1.
2550 4445 2611 4506 4.

509 4553 824 4616 circum
870 4552 1440 4631 innuptaeque
1493 4550 1831 4631 puellae
1871 4570 2061 4612 sacra
2104 4558 2335 4613 canunt
2381 4550 2850 4630 famemque
2892 4568 3087 4611 manu
3133 4565 3309 4612 con.-

511 4658 829 4841 tingere
893 4659 1283 4842 qailzdent.
1346 4757 1654 4839 Denique
1701 4776 1938 4825 versus
1987 4759 2331 4822 651—652
2376 4757 2643 4829 moenia,
2711 4754 2924 4819 divum
2971 4756 3309 4840 fabricata

512 4890 699 4930 manu
732 4904 811 4913 --
845 4864 1062 4929 diruta
1092 4867 1347 4929 nostra?
1391 4868 1624 4931 auctos
1679 4881 1826 4929 esse
1874 4861 2087 4945 liquet
2119 4880 2200 4930 ex
2218 4863 2341 4928 hoc
2373 4858 2638 4945 Virgilii
2668 4860 2737 4927 Π
2791 4862 2917 4927 234
2949 4858 3311 4924 Dividi-mus
3346 4892 3351 4895 ·
