3759 5400
1723 170 2149 232 ...52—

530 339 641 418 qui
685 337 864 402 haud
910 339 1192 404 obscure
1242 337 1623 403 adumbrati
1669 343 1828 408 sunt
1874 357 1958 406 ex
2003 339 2167 404 Hor.
2214 340 2267 405 Ι.
2330 345 2393 406 4.
2461 343 2715 406 16-17
2780 344 2919 406 Iam
2986 358 3041 408 te
3094 355 3334 429 premet

1179 445 1234 506 1.
1789 446 1847 507 2.
2786 471 2795 480 ·
3142 453 3201 514 3.

522 569 648 610 nox
676 545 1063 632 fabulaeque
1105 565 1400 612 manes
1443 556 1497 610 et
1528 550 1825 612 domus
1870 550 2119 613 eoeliis
2155 552 2588 630 Plutonim·
2630 573 2748 634 quo
2777 553 2970 616 simul
3007 557 3327 620 meari-9

527 655 651 716 etc.
681 650 871 716 Adde
902 650 1307 715 imitationes
1340 649 1616 715 minoris
1649 651 1962 716 momenti
1993 651 2061 716 in
2094 672 2156 717 V.
2191 653 2358 718 1538
2400 652 2713 718 Thraciae
2742 657 2804 718 si
2827 658 2969 739 quis
2998 657 3332 743 Rhodopes

529 756 820 819 alumnus
883 755 1026 820 coll.
1071 754 1231 819 Hor.
1276 752 1400 818 III.
1447 755 1546 817 25.
1597 756 1678 818 12
1717 755 1876 838 pede
1925 753 2195 819 barbaro
2234 756 2567 820 lustratam
2616 758 2955 844 Rhodopen
3008 767 3075 826 et
3136 781 3332 842 quam

529 860 928 927 locutionem
972 859 1101 923 iam
1147 857 1523 942 Zingerlius
1570 877 1631 938 p.
1681 861 1762 923 19
1808 859 2178 943 adnotavit,
2243 859 2312 925 111
2358 879 2419 925 v.
2465 864 2635 926 1546
2681 873 2737 926 et
2780 883 3056 930 eomas
3097 868 3333 931 nullo

532 967 945 1033 cohibente
999 967 1234 1044 nodo,
1315 981 1445 1042 qua
1507 968 1708 1043 poeta
1773 961 2165 1030 manifestus
2226 965 2613 1048 coarguitur
2656 967 2954 1034 imitator
2996 969 3154 1036 Hor.
3204 969 3333 1035 III.

535 1076 635 1138 14.
673 1074 753 1135 22
783 1087 1225 1134 mmmm
1251 1070 1467 1131 nodo
1496 1069 1913 1132 cohibente
1942 1070 2288 1134 crinem.
2334 1069 2615 1135 Accedit
2644 1071 2927 1137 imitatio
2960 1073 3335 1140 sententiae

531 1178 602 1244 in
646 1195 706 1242 v.
755 1175 1179 1240 1550-1551
1238 1170 1434 1237 Vadis
1477 1171 1566 1234 ad
1609 1170 1836 1235 Lethen
1882 1169 2281 1259 Styqiumque
2327 1171 2494 1256 litus,
2554 1212 2639 1222 —
2708 1177 2872 1240 unde
2936 1189 2991 1240 te
3048 1181 3338 1243 nullae

529 1285 895 1366 ‘referent
935 1279 1306 1354 Gammae,
1353 1274 1432 1339 ef.
1483 1274 1643 1340 Hor.
1691 1275 1778 1340 II.
1828 1278 1933 1340 18.
1979 1279 2062 1342 34
2110 1294 2209 1357 Sq.
2254 1301 2359 1342 nec
2426 1276 2670 1344 satelles
2714 1281 2849 1344 orci
2892 1318 2975 1328 —
3039 1279 3337 1346 callidum

531 1387 902 1452 Promethea
945 1421 1028 1430 —
1073 1382 1389 1446 reveoeit
1434 1400 1591 1442 auro
1638 1391 1880 1464 captus.
1926 1380 2232 1460 Denique
2263 1381 2469 1465 locuS,
2501 1383 2615 1447 ubi
2645 1383 2929 1451 imitatio
2962 1384 3336 1450 Horatiana

534 1493 620 1557 ad
652 1507 888 1558 versus
919 1490 1177 1568 poetae,
1224 1503 1309 1549 an
1349 1482 1621 1567 genuini
1666 1483 1802 1548 sint
1846 1501 2077 1566 necne,
2122 1485 2569 1552 aestimandos
2616 1486 3027 1569 aliquantum
3073 1487 3337 1554 adferre

533 1595 865 1674 videatur,
929 1595 1033 1657 est
1095 1608 1155 1655 v.
1224 1590 1675 1670 1576-1580,
1738 1606 2015 1668 quorum
2080 1605 2394 1655 versuum
2458 1595 2919 1673 argumentum
2986 1597 3187 1673 poeta
3252 1611 3336 1658 ex

533 1697 800 1766 Horatii
846 1694 1134 1761 carmine
1179 1692 1292 1758 IV.
1341 1695 1379 1755 7
1425 1691 1523 1756 ita
1569 1693 1870 1774 sumpsit,
1920 1698 1993 1757 ut
2039 1711 2275 1758 versus
2322 1694 2445 1758 hoc
2491 1696 2679 1760 modo
2726 1695 2903 1762 inter
2949 1715 3021 1762 se
3066 1715 3337 1778 respon-

533 1806 762 1870 deant:
828 1821 888 1868 v.
953 1801 1120 1864 1576
1184 1803 1253 1864 et
1318 1799 1484 1862 1578
1551 1819 1718 1860 vere.
1752 1797 1901 1858 dum
1937 1797 2130 1878 flores
2191 1801 2431 1862 venient
2473 1800 2707 1884 tepenti
2749 1836 2833 1848 —
2880 1800 2975 1865 vel
3015 1821 3337 1868 coma‘rn

531 1911 769 1976 sebois
811 1902 1119 1969 revocabit
1163 1913 1368 1966 aestas
1413 1908 1482 1966 et
1525 1901 1687 1966 Hor.
1735 1901 1850 1967 IV.
1902 1903 1958 1966 7.
2006 1904 2174 1966 1-2
2244 1902 2569 1987 Dff'ffuqere
2630 1905 2817 1980 nives,
2884 1907 3138 1970 redeunt
3205 1910 3337 1970 iam

527 2013 823 2099 qramina
884 2009 1120 2093 campis
1170 2044 1258 2054 -—
1321 2008 1914 2086 arboremque
1956 2024 2273 2086 oomae‚·
2318 2009 2554 2073 deinde
2600 2026 2660 2074 v.
2713 2012 2879 2074 1579
2916 2029 3339 2091 pomaque

533 2124 940 2184 autumno
977 2112 1266 2197 fugiente
1295 2155 1298 2160 -
1331 2111 1539 2177 cedent
1602 2114 1671 2175 et
1733 2109 1893 2175 Hor.
1955 2109 2114 2177 ibid.
2170 2131 2231 2176 v.
2280 2114 2493 2176 9-11
2542 2135 2648 2177 ver
2682 2115 3207 2199 proterit·aeatas
3259 2153 3331 2170 -v-

533 2224 888 2300 interitura‚
933 2215 1121 2280 simul
1154 2216 1524 2295 pmnis'er
1581 2222 2043 2279 aummnus
2069 2215 2300 2300 fraqe-e
2344 2215 2635 2299 effuderit
2679 2227 2736 2281 et
2799 2240 2947 2282 mooe
2994 2257 3073 2266 -ν-
3120 2221 3339 2284 bruma

533 2328 802 2390 recurrit
865 2325 1048 2404 inere,
1114 2337 1284 2400 quae
1330 2317 1601 2384 Horatii
1655 2319 1736 2382 de
1781 2316 1997 2382 hieme
2044 2319 2252 2383 verba
2299 2321 2368 2383 et
2412 2319 2768 2386 manifesta
2810 2320 3093 2388 imitatio
3140 2324 3337 2390 huius

534 2426 842 2494 carminis
868 2429 1140 2490 exstans
1162 2423 1229 2488 in
1250 2443 1310 2489 v.
1333 2424 1500 2487 1577
1534 2426 1604 2486 et
1632 2444 1872 2486 comam
1900 2420 2077 2486 silvis
2108 2422 2336 2486 hiemes
2364 2423 2657 2506 recident,
2690 2443 2883 2506 quem
2902 2426 2981 2492 R.
3009 2427 3336 2510 Peiperus

533 2533 602 2598 in
649 2533 720 2598 Z.
767 2531 808 2596 f.
854 2530 934 2598 G.
984 2529 1085 2595 W.
1130 2527 1384 2594 XVIII.
1433 2529 1683 2611 (1846),
1727 2547 1790 2609 p.
1835 2529 1983 2610 333,
2030 2527 2355 2592 insulsum
2390 2527 3017 2610 interpolamentum
3062 2515 3332 2615 delevit,

536 2636 895 2722 genuinum
941 2638 1010 2701 et
1055 2639 1208 2717 post
1253 2650 1519 2698 versum
1567 2634 1734 2696 1579
1780 2633 2231 2714 reponendum
2280 2650 2429 2697 esse
2475 2634 2836 2719 postulant,
2898 2639 2974 2702 ut
3016 2635 3123 2703 1110
3170 2638 3331 2703 ordo

532 2742 841 2809 versibus
887 2738 1608 2818 Horatiirespondens
1655 2735 1802 2801 fiat:
1849 2755 1912 2801 v.
1960 2739 2129 2801 1576
2174 2742 2340 2816 (vere
2378 2738 2529 2799 dum
2548 2739 2740 2821 flores
2768 2743 3011 2805 venient
3040 2743 3329 2827 tepenti),

537 2848 706 2912 1578
755 2845 840 2930 (et
885 2866 1120 2909 comam
1165 2842 1343 2915 silvis
1383 2839 1692 2905 revocabit
1735 2840 1994 2924 aestas),
2063 2843 2233 2905 1579
2299 2841 2629 2926 (pomaque
2689 2855 2991 2908 autumno
3038 2844 3337 2931 fuyiente

535 2950 800 3035 cedent),
867 2950 1036 3013 1577
1112 2947 1200 3031 (et
1263 2967 1501 3011 comam
1564 2943 1739 3009 silvis
1791 2945 2019 3009 hiemes
2087 2946 2388 3030 recident)
2398 2968 2427 3026 ;
2492 2945 2571 3013 cf.
2638 2947 2801 3015 Hor.
2846 2948 2962 3013 IV.
3013 2952 3070 3014 7.
3117 2952 3329 3015 9—-11

1013 3055 1067 3116 1.
1577 3078 1586 3083 ·
1928 3051 1990 3116 2.

535 3159 803 3245 Friqora
863 3158 1186 3219 mitescunt
1251 3155 1571 3241 Zephyris.
1639 3176 1746 3217 ver
1781 3154 2055 3237 proterit
2118 3163 2329 3236 aestas
2408 3191 2488 3205 --
2561 3156 2915 3238 interitura,
2988 3158 3174 3221 simul
3249 3195 3335 3205 —

641 3265 700 3328 3.
1743 3308 1748 3313 -
2380 3262 2441 3323 4.

524 3366 811 3453 pomzfer
855 3375 1188 3428 autumnus
1215 3331 1450 3449 fruges
1494 3362 1788 3447 effuderit
1833 3372 1903 3427 et-
1950 3384 2097 3427 mox
2160 3400 2245 3409 —
2307 3361 2533 3427 bmma
2594 3365 2858 3427 rocam-it
2911 3367 3098 3429 inere.
3167 3364 3337 3432 Sub-

537 3473 885 3539 molestam
928 3467 1350 3534 iterationem
1398 3477 1453 3530 et
1499 3488 1738 3529 comam
1781 3463 1962 3529 silvis
2006 3465 2119 3532 vix
2173 3466 2521 3546 quisquam
2585 3466 2655 3532 in
2718 3468 2902 3534 hisce
2963 3468 3332 3553 tragoediis

535 3576 949 3663 gravabitur.

1559 3672 1927 3757 Hercules
1986 3664 2320 3757 Oetaeus.

868 3834 1016 3901 VI.
1069 3834 1539 3901 canticum
1584 3851 1666 3899 v.
1710 3831 2267 3900 1983—1996
2316 3833 3024 3915 anapaesticum.

740 3975 848 4042 In
874 3974 997 4039 hoc
1051 3972 1330 4057 cantico,
1395 3991 1522 4054 quo
1588 3972 1826 4039 chorus
1891 3971 2455 4038 immortalitatem
2518 3972 2792 4038 virtutis
2856 3971 3202 4053 praedicat
3271 3976 3338 4037 et

534 4066 894 4146 Herculem
956 4082 1292 4160 precatur,
1356 4083 1432 4143 ut
1479 4077 1548 4143 in
1599 4077 1854 4143 caelum
1901 4079 2213 4158 receptus
2260 4078 2573 4143 mundum
2619 4095 2660 4141 a
2703 4075 2894 4141 malis
2962 4080 3341 4159 conservet,

535 4203 798 4252 versus
833 4182 1112 4249 alterius
1173 4182 1385 4265 partis
1421 4184 1667 4247 1983-
1680 4183 1852 4246 1984
1886 4178 2248 4267 Numquam
2279 4182 2603 4263 Styyias
2628 4179 2851 4266 fertur
2884 4181 2970 4243 ad
2996 4184 3344 4247 mnbrac

540 4289 771 4372 (undas
781 4287 843 4373 52)
891 4324 972 4336 —-
1018 4284 1234 4353 inclita
1279 4289 1482 4351 virtus
1527 4295 1597 4350 et
1625 4283 1963 4352 sententia
1994 4289 2064 4351 et
2091 4284 2433 4353 vocabulis
2465 4284 2842 4386 adumbrati
2872 4289 3032 4349 sunt
3062 4304 3143 4351 ex
3174 4285 3337 4352 Hor.

535 4396 649 4462 IV.
713 4398 770 4459 8.
839 4396 921 4459 25
986 4403 1260 4479 ereptum
1329 4392 1632 4473 Styyiis
1657 4392 2054 4471 fluctibus
2116 4392 2387 4452 Aeacum
2433 4427 2520 4436 —
2563 4390 2767 4453 virtus
2837 4388 3343 4455 ..divitibus

535 4509 849 4564 consecrat
892 4493 1136 4578 insulis,
1184 4514 1328 4561 cum
1374 4494 1442 4561 in
1488 4494 1705 4560 altera
1748 4497 1943 4575 parte
1989 4493 2317 4559 Hercules
2350 4511 2389 4558 a
2434 4497 2631 4576 poeta
2687 4512 2834 4558 cum
2878 4492 3039 4558 Iove
3083 4493 3343 4575 pariter

533 4608 737 4685 atque
799 4602 1148 4685 Augustus
1210 4600 1295 4665 ab
1364 4597 1646 4664 Horatio
1711 4599 1760 4666 Ι.
1825 4600 1907 4662 12
1975 4600 2429 4679 comparetur,
2494 4597 2613 4663 sed
2685 4595 2989 4664 conferas
3054 4596 3198 4679 ipse
3277 4615 3341 4663 v.

537 4707 966 4774 2005—2006
1015 4704 1265 4790 fortius
1309 4706 1445 4788 ipso
1485 4704 1758 4786 qenitore
1802 4713 1909 4766 teto
1952 4740 2037 4749 —
2076 4704 2464 4784 foedm‘e‘sna
2504 4702 2741 4766 mitte
2809 4706 2877 4766 et
2940 4700 3100 4766 Hor.
3176 4700 3218 4765 l.
3288 4718 3343 4765 ο.

534 4832 600 4905 y.
646 4812 902 4877 59—-60
949 4820 1018 4872 tu
1052 4831 1290 4893 pao-um
1333 4811 1523 4871 castis
1565 4809 1824 4877 inimica
1867 4807 2143 4872 mitte-3
2186 4843 2269 4854 —
2297 4807 2686 4890 fulmina
2730 4805 2904 4870 lucie.
