3759 5400
1654 219 2077 281 -29-

464 414 686 477 maqno
730 413 892 455 nova
933 400 1132 475 nupta
1176 390 1342 454 caelo
1387 389 1642 455 Seneca
1687 389 1965 471 respicit
2009 388 2319 470 fabulam,
2368 409 2499 472 qua
2544 389 2889 455 Ariadnen
2936 409 2977 455 a
3009 389 3269 456 Theseo

466 494 646 562 Naxi
692 494 996 560 relictam
1043 513 1082 559 a
1127 494 1392 559 Baccho
1461 509 1734 558 uxorem
1797 494 2065 559 ductam
2129 499 2199 560 et
2245 513 2286 560 a
2330 493 2594 560 Venere
2660 511 2903 559 corona
2958 497 3267 563 donatam

467 619 616 666 esse
665 597 923 679 antiqui
971 599 1340 664 narrabant
1401 602 1476 662 et
1516 601 1753 678 postea
1795 615 2033 663 novem
2080 598 2295 664 stellis
2362 601 2662 664 ornatam
2720 602 2789 663 et
2836 598 3019 664 caelo
3067 597 3269 680 impo-

465 703 662 770 sitam
707 723 748 769 a
792 703 1054 768 Baccho
1089 719 1395 767 coronam
1428 700 1719 767 Gnosiae
1747 703 2099 768 vocabant.
2129 701 2263 768 Sed
2294 703 2681 784 priusquam
2711 702 3013 768 adalind
3054 721 3269 786 genus

463 806 860 874 imitationis
923 811 1280 888 transeam,
1343 806 1668 870 adnotare
1753 805 1913 871 mihi
1975 805 2176 872 liceat
2242 807 2561 873 Senecam
2624 823 2689 873 v.
2746 809 2875 870 486
2945 807 3272 870 Proetides

461 913 657 976 silvas
691 914 939 997 petiere
993 909 1281 975 fortasse
1327 910 1692 991 sumpsisse
1741 928 1824 976 ex
1855 910 2057 994 Verg.
2108 912 2314 994 eclog.
2346 915 2403 978 6.
2437 915 2522 976 48
2558 911 2884 976 Proetides
2928 911 3271 996 implerunt

441 1015 648 1102 saleis
713 1012 1055 1098 muyitibue
1123 1036 1323 1099 ayo-os.
1385 1012 1488 1078 De
1535 1013 1965 1080 Proetidibus
2007 1013 2175 1080 nihil
2222 1019 2328 1081 est
2374 1015 2551 1097 apud
2594 1014 2950 1081 Horatium
2996 1016 3267 1082 dictum.

673 1119 865 1202 Quod
943 1121 1028 1184 ad
1095 1116 1532 1183 imitationem
1598 1116 2012 1200 singularum
2071 1117 2468 1185 locutionem
2532 1119 2642 1186 vel
2704 1137 2938 1186 vocum
3002 1119 3268 1201 attinet,

468 1223 749 1288 lucidum
797 1223 958 1288 caeli
995 1223 1180 1286 decus
1224 1221 1294 1286 in
1340 1241 1400 1288 v.
1448 1224 1578 1287 405
1623 1220 1693 1288 in
1737 1221 1901 1287 Hor.
1952 1240 2150 1288 carm.
2199 1241 2354 1288 saec
2400 1243 2461 1290 v.
2508 1227 2547 1288 2
2595 1223 2884 1291 inveniri
2928 1223 3060 1289 iam
3106 1224 3267 1288 Tor-

461 1327 664 1392 killus
729 1328 1044 1394 Badenus
1107 1327 1473 1393 adnotavit.
1541 1326 1648 1391 Ad
1693 1345 1754 1392 v.
1799 1326 1931 1390 430
1977 1327 2235 1413 turgida
2267 1331 2761 1409 pampineis
2822 1330 3273 1393 remita-3

461 1442 837 1512 tempora
879 1435 1126 1498 sertis
1171 1430 1252 1495 cf.
1313 1430 1474 1496 Hor.
1519 1429 1650 1496 III.
1715 1433 1819 1496 25.
1865 1431 1951 1495 20
1994 1433 2178 1517 sequi
2236 1432 2418 1496 deum
2482 1435 2946 1514 einqentem
3004 1433 3273 1497 viridi

458 1546 833 1617 tempora
864 1537 1284 1616 pamma
1331 1538 1400 1600 et
1441 1533 1551 1599 IV.
1600 1537 1658 1598 8.
1710 1535 1813 1600 33.
1861 1543 2213 1602 amatus
2275 1539 2545 1602 viridi
2606 1545 2980 1618 tempora
3034 1555 3269 1617 pam-

449 1644 686 1721 pioew.
761 1640 950 1705 Idem
1033 1657 1172 1705 mos
1248 1638 1581 1707 scribendi
1665 1639 1733 1703 in
1809 1658 1870 1705 v.
1950 1643 2101 1723 427,
2183 1640 2297 1706 ubi
2380 1643 2493 1726 qui
2566 1639 2725 1705 bibet
2810 1641 3068 1727 Ganyen
3142 1645 3267 1705 etc.

459 1746 708 1810 dictum
753 1749 859 1809 est
902 1762 1022 1826 pro
1086 1743 1313 1810 accola
1377 1741 1654 1826 GangiS,
1720 1743 2243 1824 deprehenditur
2302 1743 2373 1810 in
2444 1745 2605 1810 Hor.
2660 1745 2749 1810 H.
2824 1747 2928 1810 20.
2978 1747 3082 1827 20,
3142 1744 3267 1809 ΠΙ.

461 1849 560 1912 10.
613 1853 670 1930 1,
715 1847 831 1916 IV.
879 1851 979 1912 15.
1025 1851 1126 1913 21.
1169 1847 1442 1913 Pariter
1487 1848 1778 1911 laxatum
1824 1871 2044 1912 arcum
2088 1851 2311 1940 habere
2373 1867 2494 1931 pro
2556 1849 2787 1913 victum
2841 1872 2968 1913 esse
3013 1848 3267 1916 inveni-

458 1971 600 2017 mus
665 1953 734 2017 in
803 1951 952 2017 Seu.
997 1971 1061 2019 v.
1127 1955 1254 2017 469
1320 1955 1640 2017 laoewvit
1693 1955 1885 2016 victos
1930 1971 2181 2018 wreus
2234 1952 2603 2037 Geticaeque
2659 1956 2924 2039 sayittas
2989 1958 3059 2018 et
3102 1953 3262 2019 Hor.

456 2055 585 2120 III.
637 2059 695 2120 8.
741 2059 823 2121 23
870 2059 1004 2120 iam
1049 2054 1315 2142 Scythae
1363 2059 1554 2120 lamo
1601 2057 1979 2120 meditantur
2024 2075 2233 2122 arcu
2276 2057 2489 2120 cedere
2536 2059 2796 2142 campi-3.
2850 2057 2977 2123 ·De
3023 2058 3264 2140 plagae

463 2160 1013 2242 septentrionalis
1071 2159 1559 2242 significatione
1604 2159 1672 2224 in
1703 2179 1763 2227 v.
1793 2163 1923 2225 473
1971 2171 2028 2224 et
2073 2182 2225 2244 quos
2267 2163 2599 2227 vicimus
2626 2165 2943 2228 Boreas
2970 2161 3141 2243 ferit
3188 2161 3268 2227 cf.

453 2264 614 2330 Hor.
673 2263 800 2330 ΠΙ.
875 2267 976 2329 24.
1026 2267 1108 2329 37
1157 2267 1480 2330 Boreae
1510 2267 1989 2346 metianum
2036 2265 2217 2329 latus.
2290 2265 2608 2331 Conferas
2657 2265 2858 2331 etiam
2917 2265 2986 2330 in
3032 2285 3094 2331 v.
3137 2259 3265 2330 478

456 2368 560 2431 ille
623 2371 1042 2448 dispersos
1107 2371 1433 2434 doment
1475 2371 1817 2435 Gelonos
1881 2374 1951 2433 et
1995 2368 2156 2435 Hor.
2201 2369 2290 2434 II.
2336 2373 2396 2433 9.
2446 2371 2528 2434 23
2571 2372 2969 2450 intraque
3016 2389 3264 2450 prae-

455 2475 866 2552 serenatum
899 2475 1242 2538 Gelonos
1287 2474 1616 2554 eoeiyuis
1661 2475 2037 2553 equitare
2065 2475 2411 2554 commis·
2442 2473 2729 2538 Prorsus
2762 2478 2961 2554 poeta
2993 2491 3076 2538 ex
3106 2473 3265 2538 Hor.

453 2574 578 2639 III.
631 2578 734 2641 20.
784 2578 868 2641 14
911 2594 1308 2655 sparsum
1352 2579 1726 2642 odoratis
1753 2596 2149 2642 umerum
2172 2579 2505 2658 capillis
2536 2576 2818 2659 sumpsit
2863 2577 3261 2642 locutionem

451 2679 520 2744 in
567 2700 626 2746 V.
671 2682 800 2746 498
849 2697 944 2761 sq.
988 2679 1250 2745 solemne
1299 2681 1580 2745 Phoebus
1623 2704 1870 2746 carmen
1914 2718 2001 2731 —
2042 2683 2363 2765 infusi-3
2404 2683 2754 2747 lmmnero
2800 2684 3133 2763 capillis
3177 2720 3264 2729 —

454 2795 686 2848 cantat.
762 2785 935 2852 Item
975 2784 1068 2853 in
1135 2806 1197 2852 v.
1245 2769 1408 2852 502‘
1441 2790 1699 2851 telwm
1761 2788 2142 2868 deposuit
2198 2786 2503 2871 Juppiter
2564 2789 2911 2867 tyneum
2974 2784 3261 2851 conferri

461 2894 687 2970 potest
719 2908 866 2955 cum
911 2890 1076 2956 Hor.
1119 2888 1172 2955 I.
1219 2893 1276 2955 3.
1321 2892 1408 2956 40
1455 2909 1551 2972 sq.
1587 2913 1778 2975 ‘neque
1801 2912 1927 2976 per
1953 2901 2236 2954 nostrum
2259 2891 2551 2976 patimur
2594 2890 2787 2953 scelus
2832 2928 2913 2937 —
2946 2890 3255 2954 iracunda

461 2993 667 3057 Iovem
698 3014 1020 3075 ponere
1054 2998 1466 3075 fulmina.
1529 2995 1775 3061 Restat
1821 2994 2043 3061 dicere
2098 2994 2167 3060 in
2211 3014 2272 3061 V.
2318 2996 2445 3060 506
2492 2994 2645 3057 dum
2688 2998 3027 3058 matutinos
3072 3018 3264 3080 prae·

459 3096 614 3160 dicet
685 3097 950 3183 Luccfev·
1011 3108 1188 3161 ortus
1249 3100 1606 3165 admonere
1667 3099 1828 3164 Hor.
1890 3098 1981 3165 II.
2032 3101 2090 3163 9.
2156 3100 2238 3162 12
2302 3120 2410 3163 nec
2476 3099 2595 3162 tibi
2648 3098 2915 3183 Vespero
2977 3108 3263 3184 surqente

453 3201 754 3265 decedunt
795 3202 1058 3265 Amores
1104 3238 1186 3248 ——-
1231 3224 1338 3265 nec
1379 3198 1682 3287 rapidwm
1709 3204 2001 3287 fugiente
2046 3202 2245 3266 solem.
2890 3230 2895 3235 ·

1684 3373 2027 3483 Oedipus

630 3548 776 3613 ΠΙ.
829 3548 1298 3615 canticum
1346 3547 1622 3615 variis
1666 3548 1992 3616 metris
2036 3548 2448 3616 mixtum
2493 3568 2575 3615 v.
2624 3548 3088 3653 709-763.

665 3703 904 3769 Totum
969 3704 1094 3768 hoc
1157 3704 1488 3769 canticum
1542 3702 1800 3769 Seneca
1877 3702 2301 3771 adumbravit
2364 3722 2446 3769 ex
2521 3703 2710 3771 Ovid.
2784 3704 3052 3769 Metam.
3134 3704 3263 3769 III.

451 3812 535 3873 14
547 3844 613 3857 -ψ
629 3809 778 3891 200,
844 3807 960 3875 ubi
1023 3810 1104 3873 de
1151 3809 1490 3875 erroribus
1548 3808 1796 3891 Cadmi,
1861 3807 1983 3877 filii
2026 3807 2359 3891 Agenoris
2419 3808 2599 3891 regis
2647 3807 2857 3891 Tyrii,
2919 3807 3257 3890 Europam

452 3931 744 3979 sororem
808 3911 1194 3994 quaerentis
1259 3912 1534 3994 eiusque
1596 3930 1824 3996 pugna
1893 3932 2041 3978 cum
2086 3914 2375 3977 dracone
2440 3930 2516 3977 eo
2580 3912 2744 3995 loco,
2828 3930 2959 3993 quo
3023 3918 3261 3994 postea

459 4017 728 4083 Thebae
750 4016 1044 4100 fuerunt,
1067 4022 1137 4083 et
1155 4019 1238 4083 de
1259 4016 1524 4099 Spartis
1542 4015 1740 4083 factis
1763 4021 1832 4081 et
1861 4016 2111 4083 Thebis
2144 4014 2447 4099 conditis,
2466 4021 2801 4098 postremo
2823 4018 2905 4081 de
2922 4017 3263 4083 Actaeone

455 4123 596 4188 eius
659 4125 902 4204 nepote
965 4140 1006 4186 a
1069 4119 1310 4203 Diana,
1376 4139 1590 4202 quam.
1629 4138 1870 4203 corpus
1925 4120 2263 4187 lavantem
2326 4126 2784 4202 conspexerat,
2851 4120 2929 4185 in
2990 4140 3259 4188 cervum

453 4230 706 4293 mutato
753 4244 815 4294 v.
863 4226 1207 4291 155-200
1253 4230 1452 4307 poeta
1479 4223 1594 4291 ille
1627 4226 1858 4291 eodem
1903 4242 2125 4291 rerum
2170 4221 2401 4290 ordine
2446 4224 2731 4308 rettulit,
2778 4241 2971 4305 quem
3002 4224 3261 4291 Seneca

451 4329 522 4395 in
563 4330 688 4396 hoc
733 4330 996 4396 cantico
1043 4328 1312 4397 retinet.
1363 4328 1553 4412 Quae
1599 4348 1746 4395 cum
1790 4329 1889 4395 ita
1946 4329 2099 4412 sint,
2168 4348 2295 4409 quo
2358 4328 2505 4395 iure
2550 4329 2662 4395 vel
2727 4327 2963 4409 quibus
3030 4328 3283 4394 causis-

452 4438 808 4500 commotus
887 4434 1214 4517 Peiperus
1262 4452 1500 4500 versus
1569 4436 1917 4500 772-784
1964 4434 2180 4516 (apud.
2232 4434 2523 4499 Leonem
2570 4434 2977 4515 75ῑ1---763),ί
3012 4432 3127 4513 qui
3170 4434 3254 4498 de

453 4539 795 4605 Antaeone
841 4544 1020 4621 sunt,
1064 4539 1134 4605 in
1179 4538 1715 4606 observatorum.
1750 4538 1864 4603 lib.
1909 4558 1987 4620 p..
2016 4540 2101 4603 36
2130 4537 2483 4620 eerdipi
2506 4538 2559 4603 I.
2602 4535 2997 4620 fragmentis
3048 4537 3255 4618 „male

449 4643 578 4709 huc
625 4642 884 4708 delatos
917 4644 1105 4711 aese'³
1153 4645 1536 4725 suspicatus
1583 4642 1693 4725 sit,
1738 4660 1973 4724 parum
2018 4640 2356 4725 intellego.
2594 4674 2606 4681 -
2664 4676 2671 4681 ·

660 4746 902 4825 Itaque
938 4766 1278 4831 perpauca
1319 4751 1577 4813 tantam
1621 4744 1997 4813 Horatiana
2040 4746 2335 4830 vestigia
2374 4743 2445 4811 in
2488 4746 2613 4813 hoc
2660 4743 2920 4815 cantico
2966 4744 3281 4813 inveniri·

451 4869 642 4917 nemo
689 4848 1058 4916 mirabitur.
1109 4853 1334 4933 Atque
1361 4850 1520 4916 mihi
1563 4849 1827 4917 initium
1873 4848 2121 4917 cantici
2150 4868 2550 4933 magnopere
2582 4851 2939 4915 admonere
2982 4848 3283 4916 videtur.
