3759 5400
1624 153 1880 240 -‘51
1981 216 2055 226 -

446 357 524 420 ut
567 353 848 420 Thracis
894 351 1175 419 hominis
1233 365 1316 416 ex
1362 351 1524 416 Hor.
1572 350 1625 416 Ι.
1675 351 1778 414 24.
1829 352 1913 414 13
1968 349 2259 416 Threicio
2314 349 2563 437 Orpheo
2633 355 2847 417 ortam
2894 369 3043 416 esse
3094 350 3252 418 mihi

444 458 991 525 verisimillimum
1035 473 1190 523 esse
1233 454 1618 522 addiderim.

1470 609 1836 693 Hercules
1894 607 2230 692 Oetaeus

652 754 796 820 IV.
844 752 1406 821 amoebeum
1455 750 1711 818 chori
1759 753 1850 816 et
1894 748 2323 816 Herculis
2367 748 3041 818 v.1133-1336

1497 854 2209 937 anapaesticum.

652 981 852 1045 Haud
896 977 1246 1062 ambigam,
1279 981 1504 1044 utrum
1524 980 1990 1060 argumentum
2021 975 2217 1058 primi
2246 973 2490 1040 cantici
2522 973 3253 1042 choriv.1151--1160

442 1103 529 1150 ex
573 1082 840 1150 Horatii
884 1102 972 1149 an
1018 1082 1301 1166 Vergilii
1347 1080 1750 1148 carminibus
1801 1085 2136 1163 sumptum
2182 1079 2289 1146 sit.
2335 1079 2659 1146 Horatian
2668 1097 2772 1146 am
2816 1078 3251 1148 imitationem

444 1193 721 1254 subesse
767 1187 937 1253 hanc
984 1188 1066 1253 ob
1114 1205 1384 1253 causam
1427 1185 1827 1269 putaverim,
1892 1184 2049 1265 quia
2094 1184 2359 1251 Horatii
2426 1203 2693 1251 carmen
2759 1183 2884 1251 111.
2950 1190 2993 1249 4
3054 1189 3125 1250 et
3168 1187 3249 1250 de

445 1291 1000 1376 Gigantomachia
1067 1296 1174 1357 est
1237 1295 1308 1357 et
1370 1292 1600 1357 eadem
1663 1290 1931 1356 nomina
1994 1289 2266 1356 exhibet
2330 1294 2400 1355 et
2467 1291 2745 1355 eandem
2790 1291 2871 1356 de
2916 1288 3247 1355 montibus

449 1395 786 1480 congestis
842 1395 1135 1461 fabulam
1190 1397 1452 1462 eodem
1499 1393 1802 1477 ordine,
1872 1411 2001 1474 quo
2048 1393 2338 1476 scriptor
2380 1392 2578 1459 huius
2624 1393 2891 1459 fabulae
2936 1407 3100 1458 usus
3144 1397 3249 1457 est

441 1502 738 1583 praebet.
783 1500 862 1567 V.
912 1501 1344 1565 1152—1159
1401 1521 1566 1564 nanc
1636 1496 2061 1564 Thessalicam
2121 1499 2413 1564 ,Pelion
2487 1496 2712 1562 Oceam
2777 1534 2853 1546 —
2893 1508 3133 1583 premet
3194 1508 3253 1562 et

447 1605 655 1669 Pindo
701 1614 1018 1690 conyeetus
1063 1601 1264 1668 Athos
1305 1641 1395 1651 ——-
1435 1625 1648 1668 nemus
1693 1604 1993 1667 aetheriis
2036 1603 2263 1666 inseret
2308 1604 2540 1682 astri&
2580 1637 2669 1649 -·
2712 1605 2911 1667 vincet
2967 1600 3250 1688 scopulos

439 1709 586 1772 inde
631 1711 1058 1790 Typhoeus
1126 1747 1191 1758 —
1251 1719 1309 1774 et
1382 1709 1768 1797 Qwhenam
1813 1709 1989 1796 feret
2044 1707 2362 1772 Inarimen
2369 1733 2397 1789 ,·
2467 1745 2553 1756 —-
2598 1708 2778 1793 feret
2845 1709 3251 1774 Aetnaeos

444 1813 530 1876 ad
591 1814 864 1877 cami-nos
927 1850 1009 1860 —
1061 1813 1408 1899 scindetque
1471 1811 1638 1878 latus
1717 1816 1946 1877 montis
2030 1815 2242 1898 aperti
2309 1847 2379 1862 —
2446 1813 2717 1876 nondum
2783 1813 3250 1878 Ereceladus

431 1915 713 2003 fflimine
757 1921 991 1999 victue;
1039 1917 1118 1983 cf.
1164 1917 1326 1984 Hor.
1358 1916 1484 1982 ΙΠ.
1514 1921 1574 1983 4.
1605 1919 1690 1984 52
1721 1935 1863 1999 sqq.
1891 1919 2262 2002 fratresque
2290 1916 2595 1980 tendentes
2624 1935 2827 2001 opaca
2845 1953 2929 1964 -—-
2952 1917 3247 1982 Pelion

443 2022 813 2107 impos-uisse
884 2019 1163 2108 Olympo.
1227 2057 1314 2069 —-
1376 2019 1504 2086 Sed
1563 2021 1716 2105 qaid
1781 2023 2210 2102 Typhoeus
2278 2031 2334 2084 et
2398 2019 2645 2084 validus
2708 2020 2949 2084 Mimas
3002 2031 3059 2084 et
3103 2021 3251 2104 qaid

441 2126 678 2190 minaci
720 2126 1115 2212 Porphyrion
1145 2135 1333 2209 statu,
1378 2162 1463 2172 —
1509 2126 1662 2209 qaid
1709 2125 1981 2189 Rhoetus
2025 2125 2357 2211 evolsisque
2386 2125 2623 2190 truncia
2664 2132 2751 2172 -'—·
2781 2126 3251 2190 Enceladus

437 2229 747 2294 iaculator
811 2231 1034 2294 audam
1097 2234 1222 2296 ete.
1271 2235 1340 2296 et
1383 2250 1447 2298 V.
1497 2233 1582 2296 75
1629 2249 1726 2311 sq.
1794 2253 1905 2295 nec
1956 2230 2212 2318 peredit
2273 2231 2632 2316 impetitam
2698 2267 2778 2279 --
2846 2231 3006 2296 celer
3084 2233 3250 2316 iynia

436 2335 821 2400 Aemiasm.
895 2333 1028 2400 Sed
1093 2335 1268 2415 quod
1333 2339 1532 2417 poeta
1593 2335 1933 2401 Inarimen
1998 2353 2117 2402 seu
2179 2333 2539 2401 Aenariam
2606 2335 2903 2401 nominat
2968 2345 3247 2416 eamque

441 2437 776 2521 Typhoeo,
839 2438 1126 2506 Aetnam
1188 2437 1528 2504 Encelado
1584 2437 1962 2521 impositam
2009 2457 2158 2505 esse
2186 2438 2367 2523 dicit,
2414 2439 2712 2506 adhibito
2741 2439 2875 2505 iam
2918 2439 3247 2506 vocabulo

437 2541 737 2624 caminus,
770 2543 943 2624 quod
973 2541 1274 2628 Vergilio
1322 2559 1512 2610 nemo
1545 2543 1812 2626 saepius
1847 2544 2217 2628 usurpavit,
2262 2544 2497 2610 melius
2529 2561 2766 2611 versus
2814 2543 3248 2608 1155—1164

437 2651 736 2728 sumptos
787 2663 936 2714 esse
985 2647 1277 2716 dicemus
1326 2664 1410 2715 ex
1454 2647 1655 2733 Verg.
1700 2649 1868 2715 Aen.
1930 2648 2054 2716 IX.
2100 2651 2445 2716 715-716
2496 2659 2625 2713 tum
2685 2648 2891 2713 sonitu
2944 2648 3247 2735 Prochyta

437 2751 570 2815 alta
616 2755 828 2817 tremit
873 2753 1216 2837 duramque
1278 2752 1478 2819 cubile
1524 2754 1920 2821 Iouam&
1972 2754 2145 2819 Iovis
2172 2754 2483 2840 'imperiis
2524 2755 2795 2839 imposta
2844 2756 3250 2835 Typhoe&

438 2855 597 2921 item
644 2876 704 2922 v.
753 2859 1186 2923 1157—1164
1231 2876 1314 2924 ex
1358 2858 1560 2943 Verg.
1623 2859 1788 2925 Aen.
1836 2858 1965 2925 ΠΙ.
2012 2858 2358 2925 578-580
2400 2858 2602 2943 fama
2666 2868 2772 2933 est,
2844 2860 3248 2924 Enceladi

439 2961 797 3024 semiustum
824 2962 1104 3045 fulmine
1148 2984 1371 3047 corpus
1415 3001 1498 3011 —
1536 2966 1756 3048 arqeri
1793 2963 1951 3027 mole
1997 2965 2116 3027 hac
2162 2964 2577 3047 inqentemque
2606 2963 2865 3048 insuper
2887 2964 3248 3029 Aetnam

440 3101 522 3111 —
542 3067 908 3149 impositam
924 3068 1135 3150 ruptis
1147 3065 1496 3150 flammam
1515 3069 1846 3151 eaeepirare
1877 3068 2269 3132 ominis.
2301 3103 2387 3114 —-
2415 3064 2498 3131 In
2530 3065 2809 3132 canticis
2843 3070 2914 3131 et
2954 3069 3245 3133 Secundo

439 3187 503 3232 v.
554 3169 988 3234 1207-1217
1034 3174 1104 3234 et
1147 3168 1352 3234 tertio
1398 3178 1460 3237 νζ
1507 3171 1941 3234 1279-1289
1989 3169 2242 3236 nullum
2302 3172 2527 3235 exstat
2588 3166 2983 3236 imitationis
3030 3170 3245 3236 Hora-

439 3270 663 3337 tianae
712 3272 1082 3355 exemplum
1127 3277 1413 3355 excepta
1456 3272 1744 3340 fortasse
1789 3272 2127 3340 locutione
2174 3272 2242 3339 in
2272 3292 2334 3342 v.
2370 3275 2539 3340 1207
2579 3276 2834 3340 viden
2875 3283 2973 3340 ut
3004 3274 3244 3340 collato

439 3386 642 3442 vers-u
688 3376 846 3441 Hor.
891 3376 948 3442 I.
995 3380 1054 3443 9.
1101 3380 1164 3445 1.
1231 3380 1468 3444 Vides
1511 3386 1608 3443 ut
1651 3377 1784 3443 alta
1829 3387 1944 3443 stet
1987 3380 2128 3443 nive
2171 3378 2508 3444 candidum
2556 3377 2833 3444 Soracte.

1467 3515 1836 3601 Hercules
1893 3517 2227 3601 Oetaeus.

438 3653 540 3721 V.
602 3655 1077 3723 canticum
1123 3657 1782 3727 v.1518—1605
1829 3658 2385 3743 sapphicum
2433 3656 2759 3724 adonio
2788 3655 3240 3724 clausum.

642 3792 788 3859 Hoc
849 3794 922 3861 in
985 3794 1266 3878 cantico,
1331 3814 1460 3877 quo
1507 3797 1748 3865 chorus
1793 3797 2035 3880 Solem,
2098 3800 2177 3862 ut
2236 3796 2365 3862 toti
2427 3801 2757 3861 terrarum
2802 3794 2948 3861 orbi
2993 3794 3246 3862 obitum

437 3896 751 3964 Herculis
799 3898 1084 3983 nuntiet,
1131 3902 1280 3966 orat
1325 3904 1528 3982 atque
1574 3920 1616 3966 a
1657 3900 1819 3969 Iove
1865 3900 2057 3984 petit,
2113 3919 2216 3984 ne,
2262 3918 2433 3982 quae
2492 3898 2865 3965 hominibus
2941 3907 3243 3984 noceant,

437 4006 876 4083 procreentur
903 4009 1024 4070 aut
1053 4004 1384 4071 Hercules
1407 4000 1730 4071 liberator
1760 4005 2080 4071 malorum
2112 4004 2183 4071 in
2214 4009 2433 4071 terras
2457 4005 2713 4088 redeat,
2730 4021 2944 4086 pauca
2963 4003 3243 4090 quidem,

437 4107 557 4170 sed
604 4102 1058 4173 memorabilia
1098 4106 1490 4175 imitationis
1540 4109 1956 4175 Horatianae
2006 4109 2200 4193 signa
2243 4127 2347 4174 me
2393 4107 2734 4175 invenisse
2779 4113 2959 4191 puto.
3003 4109 3243 4192 Itaque

441 4212 517 4273 ut
579 4210 659 4277 de
722 4212 1173 4294 appellatione
1221 4212 1393 4280 Solis
1445 4212 1515 4281 in
1561 4233 1622 4280 v,
1669 4216 1838 4279 1517
1886 4215 2081 4278 decue
2111 4214 2351 4291 mundi,
2400 4231 2571 4295 quae
2618 4210 2925 4279 similiter
2970 4213 3038 4280 in
3083 4215 3242 4282 Hor.

441 4328 640 4378 carm.
688 4332 861 4381 saec.
906 4332 968 4383 v.
1015 4319 1056 4382 2
1104 4316 1385 4381 lucidum
1433 4320 1593 4383 caeli
1633 4318 1825 4383 decus
1871 4320 1953 4384 de
1998 4318 2194 4385 Luna
2238 4321 2564 4401 usurpata
2610 4316 2920 4401 occurrit,
2965 4321 3242 4402 taceam,

441 4420 678 4498 aperta
721 4418 1003 4487 imitatio
1053 4425 1122 4487 et
1170 4422 1548 4489 sententiae
1599 4428 1668 4489 et
1713 4420 2129 4508 singularum
2175 4441 2412 4490 vocum
2457 4422 2841 4489 adnotanda
2886 4422 2993 4487 est
3048 4420 3116 4488 in
3174 4440 3237 4489 v.

435 4629 866 4694 1525—1527
913 4630 1013 4695 dic
1055 4632 1167 4697 sub
1213 4642 1495 4696 aetemos
1530 4655 1882 4721 properare
1927 4530 2226 4699 mgnes
2282 4670 2365 4681 —
2411 4630 2735 4695 Herculem
2782 4641 2838 4694 et
2884 4648 3243 4712 reanum

541 4736 599 4799 2.
677 4744 684 4752 ·
2188 4741 2250 4802 4.

433 4840 674 4905 omlis
717 4840 1101 4920 inquieti,
1144 4880 1230 4891 —
1283 4841 1448 4906 unde
1512 4865 1632 4907 non
1674 4866 1973 4930 amquam-
2015 4834 2439 4908 remeeav‘it‘
2479 4840 2647 4903 alius
2712 4838 2822 4925 (R.
2868 4836 3242 4922 Peiperus),

2950 4943 3030 4997 4⁴!-
