3759 5400
1616 221 2046 282 -25—

419 385 734 453 versibus
781 390 1010 454 eadem
1057 388 1396 454 sententia
1441 395 1724 470 apparet
1769 394 1972 469 atque
2019 389 2088 455 in
2136 391 2296 457 Hor.
2344 391 2471 457 III.
2518 395 2618 458 29.
2649 395 2907 458 49-52
2942 393 3228 460 Fortuna

423 489 591 556 laeta
634 515 814 556 saevo
853 493 1095 578 neqotio
1140 504 1197 556 et
1239 529 1326 540 --
1373 493 1588 556 ludum
1652 493 2009 558 insolentem
2074 491 2291 558 ludere
2342 498 2651 581 pertinax
2708 532 2794 560 .--
2850 507 3230 564 transmutat

423 598 690 661 incertos
734 597 1010 678 honores,
1056 633 1136 644 -—
1185 619 1348 660 nunc
1395 599 1572 672 mihi,
1618 620 1782 662 nunc
1825 596 1948 660 alii
1988 599 2264 684 beniyna.

1572 837 1654 918 V.
1715 837 2058 947 Oedipus.

581 1030 640 1096 Ι.
693 1029 1166 1096 canticum
1211 1046 1292 1094 v.
1342 1027 1770 1096 ’ΜΟ-201
1819 1002 2372 1111 sapphicum
2420 1049 2641 1100 cum
2688 1034 3062 1100 adoniis.

632 1202 713 1269 In
758 1202 882 1270 hoc
929 1200 1188 1267 cantico
1235 1199 1370 1266 tria
1415 1199 1530 1265 illa
1562 1200 1955 1268 imitationis
1989 1220 2241 1286 genera
2270 1207 2407 1270 tam
2434 1209 2581 1270 arte
2613 1204 2791 1274 inter
2820 1224 2895 1273 se
2928 1225 3227 1273 connexa

421 1310 598 1384 sunt,
633 1311 727 1388 ut,
759 1306 818 1372 si
837 1305 1201 1387 separatim
1222 1309 1620 1388 tractentur,
1651 1305 2009 1372 manifesta
2038 1306 2430 1374 imitationis
2452 1308 2746 1392 vestigia
2764 1311 3225 1394 obscurentur.

422 1410 593 1478 Nam
636 1410 706 1476 in
751 1409 856 1476 his
901 1409 1214 1477 versibus
1264 1410 1610 1474 114-120
1655 1409 1910 1475 Seneca
1955 1410 2311 1494 Horatium
2357 1411 2453 1477 ita
2500 1413 2935 1495 depeculatus
2984 1421 3107 1498 est,
3154 1422 3230 1482 ut

425 1533 500 1578 se
548 1533 698 1580 eum
743 1515 855 1582 vel
901 1513 1184 1597 singulis
1232 1513 1510 1580 vocibus
1557 1513 1874 1579 adhibitis
1921 1513 2251 1600 imitatum
2298 1534 2446 1582 esse
2479 1517 2795 1584 fateatur.
2839 1519 2949 1604 Ita
2994 1541 3055 1586 v.
3103 1525 3228 1586 114

423 1619 622 1700 miles,
670 1628 1077 1685 eoetremos
1123 1640 1318 1682 eomes
1359 1640 1552 1702 usque
1597 1618 1684 1682 ad
1729 1621 1995 1686 Indos
2042 1619 2344 1686 conferas
2392 1639 2539 1686 cum
2570 1622 2727 1689 Hor.
2779 1624 2971 1706 epist.
3005 1624 3059 1690 I.
3096 1627 3155 1690 6.
3190 1628 3228 1690 6

425 1723 581 1808 quid
641 1725 844 1786 marie
909 1731 1316 1788 extmemos
1380 1723 1632 1787 Arabae
1685 1723 1948 1788 ditantis
2010 1735 2067 1788 et
2128 1727 2430 1806 Indos&
2495 1726 2669 1793 idem
2732 1728 2958 1795 verbis
3011 1732 3230 1794 *maris

425 1827 690 1890 ditantis
753 1829 838 1893 ad
891 1846 954 1893 v.
1019 1828 1146 1892 120
1211 1827 1728 1908 componendum
1786 1826 1935 1892 litus
1996 1830 2263 1892 intravit
2320 1829 2536 1914 pelaqi
2591 1829 2869 1895 rubentis
2933 1833 3034 1897 uti
3096 1851 3228 1899 non

434 1929 670 1996 omisit.
715 1931 968 2009 Eadem
1015 1930 1343 1997 vocabula
1387 1931 1764 1996 invenimus
1813 1935 1885 1996 et
1928 1930 2089 1997 Hor.
2160 1931 2353 2013 epist.
2418 1932 2475 1998 Ι.
2524 1937 2581 1998 1.
2624 1937 2709 2000 45
2772 1935 3039 2021 impiqer
3084 1955 3224 2002 ex-

422 2043 725 2102 tremm-3
766 2046 1078 2100 mereator
1125 2038 1340 2098 curris
1383 2037 1496 2099 ad
1525 2037 1814 2102 Indo-3.
1859 2034 2046 2102 Idem
2090 2037 2160 2101 in
2206 2056 2267 2104 V.
2301 2040 2427 2102 117
2458 2040 2737 2102 cinnami
2763 2036 2944 2102 silvie
2971 2039 3227 2105 Arabae

419 2141 688 2208 beato-s
717 2141 1041 2210 vocabulo
1072 2135 1278 2204 beatbe
1307 2138 1661 2204 Horatium
1687 2157 1760 2204 se
1771 2139 2028 2211 imitari
2048 2140 2103 2206 Ι.
2126 2143 2283 2206 29.1
2312 2141 2446 2205 Ieei
2465 2144 2722 2208 beatis
2750 2165 2913 2208 nunc
2941 2141 3224 2207 Arabum

419 2243 662 2308 invides
700 2247 877 2328 9azie
923 2242 1239 2311 ostendit.
1285 2242 1586 2309 Eandem
1617 2243 2019 2309 sententiam
2050 2244 2132 2308 de
2176 2243 2427 2310 div'itiis
2467 2246 2763 2312 Arabum
2814 2251 2883 2312 et
2913 2246 3224 2313 Indorum

422 2347 550 2413 iam
603 2351 781 2429 apud
827 2347 1180 2414 Horatium
1226 2346 1512 2430 legimus
1558 2347 1770 2414 Veluti
1833 2346 1923 2413 II.
1972 2350 2073 2413 12.
2122 2351 2204 2413 24
2240 2348 2463 2433 plenas
2508 2361 2621 2414 aut
2666 2351 2953 2415 Arabum
2998 2351 3226 2440 domoc,

417 2450 544 2518 III.
591 2454 694 2516 24.
741 2455 782 2518 2
828 2452 1083 2515 intactis
1127 2451 1475 2536 opulentior
1509 2487 1585 2498 -
1620 2451 1933 2514 thesauris
1960 2450 2253 2516 Arabum
2296 2461 2351 2517 et
2381 2454 2599 2518 divitis
2629 2455 2850 2518 Indiae
2857 2479 2886 2537 ,·
2920 2455 3223 2521 conferas

420 2553 618 2620 etiam
663 2555 826 2622 Hor.
873 2555 1066 2637 epist.
1112 2555 1164 2621 I.
1213 2557 1270 2619 6.
1317 2557 1380 2637 6,
1425 2573 1618 2635 quem
1663 2573 1870 2636 supra
1915 2556 2232 2624 adnotavi
2278 2556 2513 2640 locum,
2562 2563 2631 2622 et
2674 2557 2871 2640 epist.
2938 2558 2990 2623 I.
3038 2562 3096 2624 7.
3142 2563 3224 2624 36

415 2681 522 2725 ‘nec
565 2661 694 2724 otia
741 2660 988 2727 divitiis
1032 2660 1311 2724 Arabum
1361 2658 1683 2723 liberrima
1727 2670 1927 2725 sunto.

625 2764 784 2833 Alia
829 2767 1194 2845 eademque
1261 2762 1804 2843 frequentissime
1870 2769 1942 2830 et
1984 2764 2427 2846 pulcherrime
2473 2767 2556 2832 ab
2603 2766 2883 2834 Horatio
2930 2772 3223 2833 tractata

416 2870 716 2953 materia,
761 2872 938 2951 unde
985 2869 1242 2938 Seneca
1287 2868 1625 2950 tamquam
1690 2887 1773 2933 ex
1815 2868 2002 2935 fonte
2048 2869 2329 2951 perenni
2372 2870 2617 2952 hausit,
2680 2874 2786 2935 est
2848 2872 2931 2937 de
2990 2876 3221 2937 morte.

419 2972 736 3055 Quamvis
785 2994 883 3057 ea,
949 2992 1119 3054 quae
1164 2978 1364 3055 poeta
1409 2972 1798 3055 posterioris
1862 2974 2109 3041 aetatis
2158 2974 2527 3056 scripserit,
2588 2975 2739 3040 ideo
2782 2974 3219 3041 imitationem

416 3096 548 3143 non
595 3096 745 3145 esse
790 3079 968 3143 haud
999 3078 1318 3161 ignorem,
1364 3083 1588 3143 tamen
1616 3078 1740 3143 hoc
1771 3078 1917 3144 loco
1948 3082 2087 3144 tam
2118 3077 2473 3143 manifesta
2502 3077 2895 3146 imitationis
2926 3079 3219 3163 vestigia

415 3182 865 3265 reperiuntur,
914 3186 989 3247 ut
1035 3199 1194 3247 casu
1241 3182 1523 3260 quodam
1567 3181 1882 3247 incidisse
1940 3200 2072 3248 non
2119 3182 2396 3263 possint.
2441 3218 2526 3229 —
2572 3183 2745 3249 Tota
2792 3184 2984 3267 enim,
3050 3203 3221 3265 quae

417 3284 723 3366 sequitur
767 3305 828 3353 v.
893 3289 1039 3369 124,
1109 3283 1494 3367 descriptio,
1558 3284 1837 3351 maxime
1885 3305 1947 3353 v.
2013 3288 2355 3352 124--125
2419 3288 2641 3373 etiopis
2703 3290 2970 3353 invictae
3026 3312 3220 3374 qenus

415 3392 746 3455 interimus
811 3428 895 3438 —
958 3390 1332 3455 labimwr
1409 3407 1650 3455 saevo
1716 3392 2109 3471 rapiente·
2177 3394 2368 3474 fato
2438 3390 2883 3473 suspicionem
2956 3396 3222 3458 movent

413 3493 761 3561 materiam
796 3512 879 3559 ex
909 3494 1094 3559 hisce
1123 3491 1392 3557 Horatii
1421 3492 1646 3559 verbis
1689 3511 1840 3559 esse
1877 3494 2159 3577 petitam
2188 3494 2245 3565 Ι.
2280 3498 2337 3559 2.
2372 3497 2629 3562 30-32
2661 3498 2995 3581 semotique
3033 3498 3223 3579 prius

413 3599 604 3665 tarda
635 3599 966 3663 necessitas
999 3635 1078 3645 —
1115 3597 1221 3661 leti
1249 3600 1663 3679 corripuit
1685 3598 1974 3683 qradum.
2018 3598 2153 3665 Sed
2184 3601 2387 3665 etiam
2418 3599 2487 3665 in
2532 3600 2658 3664 hac
2705 3618 2777 3665 re
2830 3601 3081 3667 Seneca
3124 3598 3221 3664 ita

413 3723 487 3770 se
521 3702 758 3788 gessit,
792 3707 867 3771 ut
899 3702 1102 3769 etiam
1133 3702 1298 3769 alias
1328 3701 1594 3768 Horatii
1627 3702 2001 3769 sententias
2032 3704 2143 3769 vel
2174 3703 2477 3787 singulas
2523 3721 2723 3770 voces
2755 3701 2866 3769 vel
2893 3700 3219 3785 imagines
3302 3760 3307 3765 .

413 3827 496 3876 ex
541 3808 692 3875 aliis
735 3806 904 3875 locis
949 3811 1264 3873 sumeret.
1301 3806 1570 3892 ‚Itaque
1631 3806 1986 3890 imaginem
2054 3808 2235 3873 illam
2299 3806 2795 3874 celeberrimam
2856 3811 2926 3872 et
2988 3812 3221 3873 nostra

408 3917 638 3981 aetate
709 3932 752 3979 a
813 3912 1072 3995 pictore
1147 3914 1427 3993 quodam
1497 3912 1906 3979 illustratam
1982 3914 2063 3977 de
2128 3912 2392 3995 agmine
2460 3912 2691 3978 mortis
2766 3912 3216 3997 compluribus

409 4016 676 4085 Horatii
718 4016 885 4084 locis
933 4016 1308 4084 invenimus
1355 4016 1572 4085 Veluti
1615 4016 1667 4083 I.
1715 4020 1816 4081 24.
1868 4020 1950 4081 16
1998 4040 2184 4102 quam
2218 4020 2398 4103 virqa
2441 4017 2627 4081 semel
2671 4018 2953 4098 horrida,
2990 4054 3063 4063 —-
3098 4039 3218 4081 non

412 4121 561 4186 lenis
595 4121 893 4207 precibus
923 4122 1084 4207 fata
1112 4121 1448 4195 recludere,
1481 4158 1570 4169 --
1598 4121 1776 4207 niqro
1808 4121 2175 4208 compulerit
2218 4123 2497 4205 meai?
2544 4125 2614 4187 et
2658 4122 2857 4205 paulo
2904 4123 3214 4188 obscura-

413 4226 652 4293 tiorem
696 4226 752 4292 Ι.
797 4229 902 4293 28.
951 4230 1034 4293 15
1081 4245 1177 4307 sq.
1239 4226 1348 4291 sed
1411 4250 1615 4293 omnes
1675 4250 1806 4290 una
1851 4237 2057 4291 manet
2100 4249 2227 4291 noa:
2270 4262 2358 4276 —-
2404 4238 2461 4290 ct
2507 4226 2816 4291 calcanda
2880 4224 3065 4289 semel
3106 4227 3215 4289 via

411 4328 534 4396 leti.
582 4330 902 4399 Conferas
947 4330 1244 4399 Seneca-e
1289 4350 1350 4399 V.
1399 4332 1740 4397 126-128
1787 4331 2043 4395 ducitur
2087 4353 2329 4415 semper
2371 4353 2531 4395 nova
2567 4352 2809 4415 pompa
2856 4329 3084 4393 Morti:
3132 4362 3215 4377 ——

413 4434 623 4519 touque
665 4435 752 4499 ad
803 4458 1016 4501 manee
1064 4446 1461 4521 properatur
1517 4434 1671 4499 ordo
1713 4471 1801 4487 ---
1846 4437 2221 4517 ayminis
2278 4436 2579 4501 maesti
2641 4438 2951 4517 seriesque
3016 4434 3217 4497 tristis

407 4576 495 4585 —
543 4538 768 4603 haeret.
814 4539 1100 4623 Reliqua
1143 4538 1341 4605 huius
1387 4538 1656 4622 generis
1691 4539 1995 4623 exempla
2022 4538 2259 4605 melius
2290 4538 2359 4605 in
2391 4536 2764 4605 imitatione
2802 4536 3212 4621 singularum

409 4661 648 4711 vocum
691 4642 1102 4711 adferentur.
1149 4644 1368 4711 Unum
1401 4647 1626 4710 autem
1656 4642 1764 4709 hic
1795 4643 2171 4710 adscribam
2202 4644 2288 4709 ad
2320 4662 2383 4709 v.
2420 4645 2543 4709 131
2576 4652 2703 4707 etat
2727 4642 2947 4723 ‚qv-avis
2976 4650 3215 4727 etraqee

393 4750 982 4831 premiturque
1024 4751 1307 4815 iuncto
1334 4751 1650 4831 funere
1683 4750 1958 4829 sunus
2011 4748 2173 4814 Hor.
2218 4748 2270 4813 I.
2320 4749 2423 4813 28.
2475 4750 2556 4813 19
2618 4746 2823 4811 mixta
2884 4766 3097 4809 senum
3140 4766 3219 4809 ae

405 4836 696 4921 iuvenum
739 4856 1196 4919 devastentur
1231 4857 1551 4934 funera
1595 4855 1721 4917 etc.
1769 4850 1923 4918 Alia
1954 4850 2023 4918 in
2053 4852 2177 4919 hoc
2208 4850 2489 4933 cantic0,
2522 4851 2696 4931 quod
2727 4850 2811 4917 ad
2842 4848 3216 4916 sententias
