3759 5400
1705 179 2132 242 ..40-

628 357 685 418 3.
1276 356 1334 416 4.
1770 357 1826 416 5.

524 475 789 538 aquas
832 494 918 504 -—
980 477 1101 520 non
1162 464 1438 537 captat
1498 457 1798 521 oblita-3
1859 458 2135 536 sitiam
2196 455 2358 521 Hor.
2418 459 2544 519 sat.
2590 455 2642 519 I.
2698 460 2751 519 1.
2802 457 2884 518 68
2942 453 3242 519 Tantalus
3287 479 3327 517 a

616 564 647 625 1
930 565 970 625 5
1489 565 1550 624 2.
1867 565 1927 625 4.
2245 560 2285 623 3

527 669 788 732 labris
828 668 1126 732 sitiens
1173 703 1254 712 —
1286 667 1722 748 sufficentia
1765 674 2042 745 captat
2083 667 2485 745 flumina.

1641 975 2189 1084 Agamemnon.

940 1187 1042 1253 V.
1094 1187 1566 1254 canticum
1611 1205 1693 1253 v.
1742 1185 2196 1255 808-866
2242 1188 2893 1272 polymetrum.

737 1379 817 1444 In
864 1377 988 1443 hoc
1034 1375 1314 1460 cantic0,
1361 1396 1490 1458 quo
1557 1378 1796 1444 chorus
1861 1378 2096 1444 laudes
2162 1377 2346 1444 canit
2400 1377 2733 1460 Herculis,
2797 1377 2985 1444 cuius
3056 1379 3328 1462 sagit-tis

529 1482 732 1548 Troia
764 1485 962 1564 capta
1007 1481 1116 1564 sit,
1160 1500 1496 1565 perpauca
1541 1489 1702 1548 sunt
1745 1481 2139 1548 imitationis
2179 1482 2591 1548 Horatianae
2624 1481 2934 1565 vestigia,
2969 1486 3143 1564 quod
3173 1483 3327 1549 inde

525 1586 772 1652 factum
841 1604 989 1653 esse
1046 1586 1332 1669 videtur,
1401 1587 1576 1666 quod
1643 1585 1932 1652 Flaccus
2000 1605 2109 1652 res
2172 1588 2256 1652 ab
2325 1587 2617 1652 Hercule
2680 1592 2911 1670 gestas
2976 1606 3328 1668 numquam

528 1695 876 1774 separatas
924 1692 1266 1759 tractavit.
1299 1689 1551 1756 Versus
1599 1696 1820 1757 autem
1854 1692 2173 1775 Senecae,
2218 1691 2457 1772 quibus
2492 1691 2716 1772 aliqua
2748 1689 3014 1757 Horatii
3043 1690 3325 1760 imitatio

529 1795 844 1880 cognosci
889 1795 1123 1879 possit,
1166 1797 1288 1862 hos
1335 1796 1685 1861 abnotabO.

732 1901 1026 1968 Primum
1068 1920 1134 1968 V.
1182 1900 1308 1965 808
1356 1918 1498 1980 sqq.
1541 1898 1748 1983 Aryos
1791 1899 2103 1966 nobilibus
2164 1900 2362 1968 nobile
2417 1898 2675 1983 civibus,
2727 1937 2799 1948 -——
2851 1898 3054 1986 Arqos
3121 1903 3329 1966 iratae

528 2030 748 2072 carum
810 2028 1123 2089 novercae,
1191 2009 1316 2071 etc.
1383 2007 1739 2070 admonent
1800 2005 1962 2072 Hor.
2030 2004 2085 2069 Ι.
2152 2007 2210 2069 7.
2279 2008 2318 2069 8
2385 2023 2479 2086 sq.
2552 2003 2881 2069 Plurimae
2943 2007 3011 2070 in
3072 2007 3331 2070 Iunonie

529 2112 758 2177 honore
834 2149 914 2160 -
993 2121 1213 2197 aptum
1286 2110 1445 2174 dicet
1519 2110 1688 2193 equis
1747 2109 1953 2194 Arqos
2027 2111 2303 2193 ditesque
2377 2109 2691 2196 Mycenae.
2765 2109 3024 2176 Deinde
3101 2112 3328 2176 eadem

529 2214 864 2282 sententia
908 2214 1248 2281 invenitur
1290 2214 1360 2280 in
1409 2214 1704 2280 Senecae
1752 2233 1812 2281 v.
1837 2216 1967 2280 820
1996 2232 2094 2294 sq.
2144 2236 2361 2278 nomen
2404 2214 2666 2278 alternis
2708 2212 2889 2278 stella
2934 2237 3091 2300 quae
3127 2225 3329 2280 mutat.

536 2356 605 2366 —
657 2340 833 2401 seque
875 2321 1110 2384 ‘mirata
1153 2329 1240 2384 eet
1284 2318 1636 2404 Hesperum
1682 2319 1814 2382 dici
1857 2322 1927 2384 et
1972 2318 2133 2384 Hor.
2179 2317 2271 2384 II.
2320 2321 2378 2382 9.
2432 2319 2514 2383 10
2556 2341 2665 2382 nec
2710 2319 2831 2382 tibi
2886 2321 3141 2404 Vespero
3186 2343 3328 2382 sur-

524 2433 698 2509 qente
743 2422 1042 2488 decedunt
1087 2422 1348 2488 Amores
1393 2462 1477 2470 —
1521 2446 1629 2488 nec
1672 2423 1975 2511 rapidum
2004 2424 2292 2508 fugiente
2334 2423 2543 2488 solem.
2592 2423 2800 2489 Paulo
2856 2428 3079 2488 autem
3123 2425 3325 2489 mani-

525 2526 761 2593 festior
823 2527 1105 2594 imitatio
1170 2531 1395 2595 exstat
1439 2527 1508 2593 in
1554 2548 1618 2595 v.
1683 2531 1810 2592 828
1873 2552 1911 2591 ο
1970 2551 2137 2613 puer
2194 2529 2474 2593 subiture
2536 2528 2774 2592 caelum
2866 2527 3105 2593 collato
3185 2547 3331 2594 cum

529 2632 795 2698 Horatii
837 2651 1042 2701 versu
1104 2635 1264 2698 item
1328 2635 1409 2698 de
1472 2632 1763 2700 Hercule
1828 2633 2005 2698 dicto
2068 2632 2195 2698 III.
2262 2636 2321 2697 3.
2370 2635 2584 2697 9-10
2632 2632 2771 2696 Hac
2816 2643 2951 2696 arte
2990 2633 3221 2698 Polluce
3266 2641 3324 2697 et

528 2762 723 2824 vayus
767 2739 1069 2804 Hercules
1112 2776 1198 2785 -—
1243 2740 1454 2803 enisus
1485 2761 1664 2803 arces
1693 2738 1904 2824 attiqit
1938 2740 2168 2823 iqneas.
2215 2737 2521 2818 Denique
2554 2736 2765 2820 magis
2798 2737 3097 2821 Singulas
3128 2758 3329 2806 Voces

530 2842 832 2909 imitatus
902 2847 1011 2910 est
1076 2844 1187 2911 vel
1252 2843 1682 2910 commutavit
1745 2842 2001 2909 Seneca
2055 2842 2123 2907 in
2179 2862 2240 2910 v.
2287 2845 2413 2909 835
2457 2853 2650 2905 morte
2695 2843 3049 2928 fecundum
3095 2844 3334 2908 domuit

529 2948 858 3012 draconem
903 2986 984 2995 —
1031 2949 1338 3033 vetuitque
1382 2951 1581 3013 collo
1614 2954 2023 3029 pereunte
2065 2949 2259 3030 nasci,
2307 2945 2387 3011 cf.
2420 2946 2583 3011 Hor.
2614 2945 2731 3012 IV.
2780 2950 2837 3011 4.
2863 2950 2943 3012 61
2976 2970 3095 3011 non
3128 2948 3331 3035 hydra

529 3060 740 3119 secto
786 3071 1126 3133 corpore
1149 3053 1411 3134 firmior
1466 3091 1532 3101 -
1585 3053 1757 3117 vinci
1800 3051 2107 3116 dolentem
2153 3053 2343 3116 crevit
2387 3053 2454 3115 in
2502 3051 2843 3120 Herculem.
2910 3051 3178 3119 Pariter
3222 3072 3332 3119 res

533 3176 604 3223 se
651 3157 854 3223 habet
880 3158 969 3229 ‚in
1014 3176 1076 3223 v.
1121 3158 1249 3221 840
1310 3156 1614 3243 duxitque
1674 3157 1762 3221 ad
1824 3167 2001 3221 ortus
2064 3156 2445 3241 Hesperium
2494 3180 2690 3242 pecus
2761 3196 2842 3203 —
2908 3161 3334 3239 Geryonae

530 3261 798 3347 spolium
867 3262 1309 3343 triformi-3,
1365 3260 1605 3325 collato
1670 3279 1815 3326 cum
1885 3261 2045 3326 Hor.
2091 3260 2180 3325 II.
2233 3264 2333 3326 14.
2380 3264 2419 3325 7
2465 3270 2591 3326 ter
2634 3265 3041 3344 amplum,
3112 3281 3334 3342 quam-

531 3384 727 3445 quam
771 3365 929 3431 mihi
972 3363 1254 3429 imitatio
1300 3364 1501 3446 Verg.
1550 3365 1716 3431 Aen.
1769 3365 1957 3431 VIII.
2009 3368 2131 3429 211
2186 3365 2600 3431 manifestior
2646 3384 2795 3431 esse
2862 3367 3131 3434 videtur
3176 3376 3335 3432 ter-

533 3472 849 3552 yimini
892 3492 1032 3533 nece
1077 3472 1504 3549 Geryonae
1547 3472 2001 3551 spoliisque
2044 3469 2349 3554 superbus
2398 3506 2473 3517 —-
2509 3467 2764 3534 Alcides
2808 3472 3047 3535 aderat.
3093 3472 3335 3537 Trans-

531 3574 818 3656 positum
865 3579 972 3639 est
1018 3572 1360 3655 epitheton
1409 3572 1684 3638 Cerberi
1727 3572 1796 3639 in
1842 3593 1903 3641 v.
1955 3576 2299 3639 859-860
2346 3576 2430 3639 ad
2477 3581 2799 3658 catenam,
2855 3595 2988 3657 qua
3031 3577 3115 3640 ab
3162 3576 3333 3641 Her-

535 3678 681 3744 cule
713 3678 978 3745 vinctus
1026 3681 1192 3761 erat,
1241 3678 1358 3743 sed
1406 3676 1709 3743 conferas
1756 3677 1901 3759 ipse
1949 3687 2187 3741 tractus
2231 3678 2319 3741 ad
2362 3678 2602 3743 caelum
2648 3683 2827 3744 canis
2874 3680 3225 3765 inferorum
3252 3716 3331 3727 -

532 3783 777 3869 triplici
817 3795 1030 3847 catena
1077 3785 1273 3847 tacuit
1325 3819 1394 3829 —
1446 3800 1598 3847 ‘neo
1660 3785 1833 3847 ullo
1879 3781 2140 3845 latravit
2185 3805 2290 3846 ore
2359 3787 2427 3848 et
2471 3784 2629 3849 Hor.
2697 3784 2786 3851 II.
2837 3786 2936 3851 19.
2989 3789 3067 3850 31
3120 3786 3335 3849 leniter

535 3899 799 3967 atterens
844 3925 928 3935 —
972 3887 1241 3952 caudam
1287 3899 1342 3952 et
1387 3886 1726 3951 recedent-is
1757 3888 2157 3967 trilinsjui
2205 3924 2285 3935 --
2332 3910 2437 3951 ore
2484 3893 2610 3955 etc·
2661 3887 2771 3974 (cf.
2804 3894 2872 3955 et
2903 3912 3006 3955 ore
3050 3890 3339 3975 to'ilinqui

534 3997 716 4058 certe
763 4010 846 4057 ex
887 3993 1011 4058 hoc
1055 3991 1200 4057 loco
1246 3990 1651 4071 descriptum
1698 3990 1768 4056 in
1800 3992 2075 4073 stropha
2118 3990 2476 4059 subditicia
2521 3993 2680 4058 Hor.
2730 3993 2857 4058 III.
2896 3994 2993 4058 11.
3028 3993 3335 4081 17-20>.

534 4097 790 4163 Deinde
821 4096 891 4163 in
937 4115 998 4163 v.
1045 4098 1170 4161 862
1216 4094 1475 4160 colorem
1520 4113 1638 4177 pro
1684 4095 2077 4181 splendorem
2124 4102 2517 4178 usurpatum
2565 4114 2713 4163 esse
2762 4098 3001 4163 collato
3048 4098 3210 4163 Hor.
3244 4097 3333 4165 II.

536 4208 592 4266 2.
642 4206 675 4265 1
728 4200 963 4265 Nactus
1007 4211 1266 4287 arqento
1312 4202 1480 4265 color
1523 4211 1611 4264 est
1665 4203 1887 4265 avaris
1949 4200 2079 4265 iam
2124 4200 2689 4268 Mitscherlichius
2760 4201 2829 4267 in
2877 4201 3167 4271 editione
3214 4222 3337 4269 sua

536 4304 776 4371 docuit.
824 4304 1008 4372 Idem
1056 4305 1161 4373 vir
1208 4308 1441 4371 doctus
1489 4304 1692 4371 etiam
1739 4307 1822 4371 ad
1867 4323 1930 4371 v.
1978 4309 2321 4373 863—864
2368 4317 2424 4370 te
2470 4309 2624 4373 duce
2668 4308 2929 4371 succidit
2982 4346 3056 4353 —
3103 4328 3336 4374 meve.-

533 4413 705 4475 daoe
748 4413 1312 4476 Dardanidae
1357 4414 1650 4475 (leonas
1705 4408 1949 4492 optime
2016 4409 2300 4477 contulit
2343 4412 2500 4478 Hor.
2564 4412 2687 4480 III.
2756 4415 2818 4482 3.
2868 4415 2950 4477 27
2998 4416 3338 4479 Priami

535 4518 832 4582 domus
870 4517 1254 4597 periura.
