3759 5400
1572 192 1997 253 ...49,..

1530 365 1588 426 2.
3099 415 3114 430 .

395 490 520 550 um,
581 489 758 550 quem
801 469 880 532 si
940 469 1293 548 Libyam
1359 469 1703 532 'remotis
1769 501 1849 512 -
1922 469 2289 534 Gadibus
2349 470 2659 550 iunyas
2731 480 2788 530 et
2851 367 3195 550 uter-guo

397 677 720 740 Poenus
767 713 846 722 --
874 678 1186 740 sev-viat
1227 677 1414 754 uni,
1462 674 1541 740 cf.
1587 695 1649 739 v.
1682 677 1808 739 627
1854 697 1961 738 nec
2003 678 2083 740 si
2126 684 2341 741 totus
2384 577 2696 741 jewiat
2738 679 3071 762 Hebrus
3112 711 3202 728 —-

739 783 800 845 2.
2400 784 2458 844 1.

397 900 772 963 mramw
812 885 1040 948 dives
1081 886 1384 965 ‘elamat
1424 885 1872 964 Hydaspes
1937 921 2011 930 ·-
2068 886 2245 970 (631)
2311 887 2612 964 avidi&
2698 885 2905 948 avidis
2966 897 3198 950 natura

390 1009 630 1072 parum
675 998 780 1052 est.
818 989 921 1052 Ad
951 1007 1012 1053 v.
1045 990 1390 1053 632—636
1442 987 1743 1055 conferas
1789 985 1951 1052 ΗΟΓ.
2000 988 2124 1054 III.
2158 991 2257 1053 16.
2304 991 2560 1054 39-42
2614 989 2939 1053 Contracta
2982 990 3197 1053 metius

389 1114 602 1176 parva
633 1087 892 1154 libidine
1041 1094 1280 1176 campis
1310 1096 1678 1156 continuem.
1727 1129 1804 1138 -—
1844 1091 1928 1157 In
1975 1111 2055 1158 ea
2102 1093 2347 1159 cantici
2392 1099 2606 1176 parte,
2652 1111 2821 1173 quae
2870 1096 2951 1159 de
2996 1095 3197 1160 beata

401 1212 763 1276 pauperum
826 1195 967 1260 vita
1031 1202 1154 1278 est,
1211 1215 1447 1262 versus
1523 1199 1868 1262 645-644
1934 1215 2261 1278 caespes
2332 1197 2517 1283 Tyrio
2588 1197 2833 1262 mollior
2895 1209 3060 1261 ostro
3116 1236 3198 1246 —

398 1303 598 1363 solet
653 1301 1123 1379 impavidos
1192 1304 1492 1366 ducere
1549 1320 1885 1366 somnos
1956 1303 2312 1366 admonent
2386 1301 2547 1367 Hor.
2615 1300 2738 1367 III.
2806 1305 2861 1365 1.
2941 1302 3198 1367 21--24

399 1417 768 1470 sommus
829 1407 1288 1494 ayo-entium
1330 1443 1417 1454 —
1463 1407 1664 1471 levis
1727 1408 2115 1471 virm-‘mm
2162 1454 2175 1469 .
2226 1457 2240 1469 .
2282 1455 2295 1470 .
2338 1406 2625 1492 zephyris
2676 1409 2921 1490 aqitata
2976 1405 3019 1468 Ἰ
3024 1405 3203 1492 'empe

403 1511 471 1570 et
515 1506 604 1572 II.
672 1511 770 1572 15.
818 1511 898 1572 17
943 1532 1052 1572 ‘nec
1095 1511 1442 1593 fortuitum
1505 1531 1792 1594 spernere
1837 1513 2226 1591 cespite‘en
2291 1547 2371 1556 —-
2438 1510 2593 1596 leyen
2659 1511 2941 1574 sinebant
3001 1516 3070 1575 et
3113 1510 3201 1576 H.

403 1613 503 1675 16.
558 1613 642 1675 15
683 1635 794 1675 nec
838 1615 1050 1677 leves
1091 1632 1421 1678 somnos
1468 1615 1672 1676 timor'
1704 1624 1817 1676 aut
1870 1614 2093 1698 cupido
2144 1651 2215 1660 —
2266 1614 2565 1678 eordidus
2607 1615 2839 1701 aufert.
2908 1615 3080 1680 Item
3125 1614 3193 1680 in

400 1733 462 1779 V.
547 1717 889 1781 646—647
953 1736 1220 1782 aurea
1280 1729 1584 1803 rumpunt
1649 1726 1858 1783 tecta
1917 1720 2176 1800 quietem
2240 1753 2324 1764 --
2368 1719 2699 1802 vv‘qz‘lesque
2760 1721 2957 1782 trahit
3035 1741 3197 1802 pur-

396 1841 568 1902 pura
610 1831 808 1884 noctes
839 1822 1127 1888 eandem
1172 1822 1585 1887 sententiam
1648 1821 2023 1887 invenimus
2071 1825 2274 1900 atque
2338 1821 2408 1887 in
2464 1821 2623 1887 Hor.
2688 1821 2773 1886 H.
2830 1823 2929 1887 16.
2977 1825 3190 1887 9-12

401 1944 522 1984 ηση
553 1933 750 1988 noctes
799 1925 1052 1988 eandem
1087 1974 1100 1988 .
1134 1973 1150 1988 .
1184 1975 1198 1990 .
1230 1928 1626 2006 laqueata
1654 1928 1891 1989 circum
1934 1963 2021 1972 --
2065 1933 2271 1991 tecta
2314 1923 2617 2005 volantem
2665 1925 2742 1991 ef.
2790 1926 2990 1991 etiam
3034 1927 3199 1991 Hor.

401 2022 490 2088 II.
539 2027 637 2090 18.
704 2029 737 2091 1
807 2026 955 2091 Non
1016 2031 1166 2092 ebur
1226 2051 1411 2112 neque
1473 2049 1835 2094 aureum
1878 2067 1966 2078 —
2018 2051 2159 2092 mea
2200 2030 2443 2093 renidet
2486 2031 2554 2093 in
2592 2031 2771 2093 domo
2816 2035 3197 2096 lammar-

403 2127 652 2195 Versus
697 2136 919 2197 autem
965 2135 1091 2198 652
1103 2136 1330 2214 --656,
1377 2133 1659 2198 maxime
1705 2136 2052 2199 655—656
2082 2137 2291 2219 carpit
2319 2135 2561 2220 faciles
2589 2133 2855 2219 vilesque
2899 2136 3089 2213 cibos,
3122 2171 3206 2182 —-

400 2235 506 2298 sed
525 2255 722 2302 -non
763 2241 1088 2304 strictos
1130 2242 1476 2320 respicit
1515 2259 1750 2306 ‹mse-9
1796 2259 1878 2305 ex
1910 2239 2205 2305 -Horatio
2254 2241 2333 2304 de
2382 2242 2611 2306 eadem
2656 2258 2730 2304 re
2764 2238 3025 2305 dicente
3069 2238 3201 2306 III.

405 2343 463 2403 1.
532 2343 612 2405 17
687 2359 783 2421 sq.
849 2345 1286 2408 desmems
1351 2347 1576 2410 ensis
1633 2348 1737 2408 cui
1786 2366 1975 2429 super
2035 2347 2240 2430 impia
2298 2392 2310 2405 .
2364 2392 2380 2407 .
2434 2395 2446 2408 .
2496 2342 2733 2408 dulcem
2806 2343 3209 2407 elaborabunt

403 2466 681 2528 soporem
726 2451 852 2511 etc.
899 2453 1194 2530 sumptos
1241 2465 1390 2514 esse
1437 2448 1565 2514 iam
1603 2448 2168 2515 Mitscherlichius
2199 2448 2591 2515 vidit—In
2637 2466 2811 2514 vers.
2861 2448 3203 2511 683-685

402 2546 548 2628 ipsa
590 2548 836 2616 locutio
867 2555 1095 2617 dedit
1119 2555 1477 2618 namma
1517 2553 1776 2634 ponto
1819 2553 1888 2619 in
1935 2571 1995 2617 V.
2043 2555 2170 2618 685
2218 2558 2289 2618 et
2332 2554 2459 2618 689
2492 2551 2715 2633 prodit
2759 2557 3023 2633 poetam
3069 2548 3207 2614 imi-

404 2657 686 2721 tatorem
753 2655 1019 2722 Horatii
1083 2657 1165 2722 de
1213 2659 1444 2723 eadem
1511 2677 1586 2723 re
1632 2657 1862 2725 iisdem
1930 2656 2154 2725 verbis
2221 2656 2505 2724 dicentis
2568 2657 2684 2722 IV.
2732 2658 2792 2722 2.
2843 2659 3011 2719 1-4
3060 2653 3211 2717 Pin-

402 2760 630 2824 darum
646 2764 930 2847 quisquis
947 2762 1147 2826 studet
1179 2760 1613 2827 aemulari
1644 2766 2003 2828 dabam
2032 2798 2114 2810 —
2145 2765 2504 2828 wemma
2522 2768 2802 2841 ponto-
2833 2753 3011 2827 Item'
3034 2756 3205 2823 anti·-

402 2863 610 2933 thesis
657 2883 814 2931 vere
860 2867 1231 2933 Horatiana
1264 2866 1332 2932 in
1378 2886 1445 2933 v.
1480 2870 1610 2933 690
1642 2873 1712 2932 et
1744 2866 2149 2948 comparatio
2175 2865 2245 2931 in
2288 2865 2618 2946 versibus,
2664 2863 3197 2944 qussequuntur,

403 2968 584 3035 vitae
631 2976 700 3035 et
742 2971 1194 3053 navigationis
1241 2974 1557 3038 admonet
1603 2969 1762 3037 Hor.
1813 2973 1939 3039 ΠΙ.
1980 2974 2083 3036 21.
2134 2973 2213 3035 61
2266 2988 2363 3049 sq.
2410 2969 2653 3032 addant
2696 2990 2893 3032 avae-o
2937 2966 3203 3029 divitias

404 3077 603 3137 mari:
649 3085 781 3137 tum
824 3097 919 3138 me
962 3076 1060 3139 biv·
1061 3078 1214 3139 mnis
1269 3076 1597 3161 praesidio
1659 3076 1929 3159 scaphae
1975 3073 2085 3160 (cf.
2154 3076 2283 3138 695
2338 3070 2663 3158 phaselos)
2713 3108 2789 3121 ψ-
2840 3082 3036 3134 tutum
3090 3092 3215 3154 per·

406 3174 683 3262 Aegaeos
729 3178 1031 3244 tumultus
1073 3178 1178 3263 (cf.
1237 3202 1470 3265 maqna
1529 3202 1652 3243 aur
1655 3202 1698 3241 a
1752 3184 1822 3243 et
1882 3177 2157 3241 medium
2210 3170 2485 3241 scindere
2517 3174 2813 3263 pontum)
2864 3212 2939 3222 -
2990 3192 3213 3239 aura

389 3285 564 3370 feret
602 3287 1000 3371 qeminuaque
1044 3284 1292 3349 Pollux.

475 3438 481 3446 -
614 3388 854 3455 Mirum
899 3397 1006 3454 est
1053 3396 1122 3455 et
1186 3392 1451 3471 poetam
1499 3386 1696 3454 huius
1749 3386 2018 3452 fabulae
2078 3391 2147 3452 et
2189 3387 2545 3453 Horatium
2586 3384 2713 3453 III.
2764 3386 2821 3449 2.
2868 3381 2953 3447 29
2999 3380 3203 3447 semel

406 3498 668 3560 tantum
712 3494 1033 3560 vocabulo
1073 3494 1366 3580 phaselon
1413 3511 1607 3559 usum
1652 3509 1822 3557 esse.
1891 3490 2201 3572 Denique
2245 3511 2311 3559 v.
2360 3494 2485 3557 697
2494 3492 2703 3554 -698
2767 3489 2997 3551 tramit
3050 3496 3213 3549 mtos

409 3598 694 3663 Fortwna
755 3598 934 3661 sinus
977 3636 1061 3647 -—
1105 3599 1428 3685 medioque
1469 3608 1640 3662 rates
1685 3599 1936 3681 quaerit
1978 3598 2047 3659 in
2093 3599 2261 3662 alto
2278 3592 2654 3661 adumbrati
2699 3609 2847 3657 esse
2892 3590 3207 3656 videntur

407 3720 492 3767 ex
535 3702 694 3769 Hor.
747 3704 836 3770 Π.
888 3705 1209 3769 10.1--4
1253 3703 1506 3767 Rectius
1549 3704 1739 3781 vives,
1792 3700 2019 3781 Licini,
2084 3722 2274 3786 neque
2327 3703 2600 3767 almm
2644 3744 2660 3761 .
2708 3746 2723 3761 .
2770 3745 2784 3760 .
2832 3746 2849 3763 .
2890 3712 2910 3759 ·.
2970 3714 3213 3780 sempev·

409 3808 680 3894 arqendo
713 3813 840 3873 etc.

1426 3893 1791 3976 Hercules
1845 3892 2190 3975 OetaeuS.
2294 3902 2303 3911 '

778 4070 922 4136 111.
973 4069 1442 4137 canticum
1491 4086 1570 4134 v.
1616 4064 2157 4135 1031-1130
2210 4065 2793 4149 glyconeum.
2912 4021 2918 4029 ’

437 4282 442 4285 ,
616 4212 761 4278 Ηο6
823 4211 1080 4277 cantico
1145 4209 1361 4276 omnia
1425 4207 1730 4275 mortalia
1794 4224 1945 4272 esse
2011 4206 2254 4271 chorus
2318 4206 2513 4269 docet
2572 4201 2913 4268 illustrato
2962 4197 3210 4281 Orphei

413 4316 729 4399 exemplo,
774 4316 962 4383 cuius
1009 4319 1269 4396 cantuS,
1314 4319 1639 4395 quantum
1669 4310 1965 4394 potuerit
2010 4328 2159 4377 cum
2203 4309 2275 4374 in
2318 4312 2507 4375 terra
2550 4312 2693 4373 tum
2722 4306 2901 4387 apud
2942 4303 3211 4383 inferoS,

413 4438 653 4503 magna
725 4441 872 4489 cum
943 4418 1352 4488 abundantia
1429 4418 1826 4485 celebratur.
1918 4415 2247 4497 Optimam
2323 4430 2482 4480 vero
2540 4410 2807 4477 Horatii
2880 4406 3214 4491 expilandi

413 4525 845 4609 occasionem,
886 4528 1059 4608 quod
1105 4526 1187 4591 ad
1233 4522 1672 4589 imitationem
1717 4525 1788 4586 et
1823 4517 2207 4603 argumenti
2253 4521 2323 4583 et
2354 4515 2767 4599 singularum
2811 4512 3215 4578 locutionum

412 4640 480 4701 et
522 4652 758 4701 vocum
801 4630 1116 4714 pertinet,
1163 4633 1405 4712 poetae
1450 4626 1658 4694 fuisse
1709 4624 1839 4690 iam
1869 4622 2251 4707 Zingerlius
2299 4619 2663 4700 contendit,
2708 4636 2904 4698 quam
2933 4627 3073 4682 rem
3116 4618 3214 4683 ita

411 4758 484 4805 se
531 4739 780 4805 habere
812 4738 1386 4807 demonstraturus
1417 4731 1700 4814 primum
1733 4746 1959 4796 omnes
1989 4728 2171 4795 locos
2203 4723 2631 4807 HoratianOS,
2680 4722 2917 4803 quibus
2950 4726 3213 4802 poetam

413 4844 494 4911 de
527 4843 806 4926 'Orpheo
851 4845 971 4909 aut
1015 4840 1339 4908 occultius
1389 4853 1576 4905 usum
1650 4852 1797 4902 esse
1845 4836 2110 4899 constat
2146 4834 2297 4897 aut
2344 4846 2509 4909 quos
2554 4826 2818 4907 quidem
2865 4840 3023 4892 eum·
3058 4830 3218 4891 ante

498 4952 543 4986 0.
570 4954 618 4987 0.
641 4952 697 4989 11.
2905 4938 2937 4982 4
