3759 5400
1882 0 1958 20 v

1679 189 2071 251 -8-

691 359 1009 426 Venimus
1079 378 1256 426 nunc
1323 361 1409 426 ad
1472 358 1542 426 id
1605 377 1818 442 genus
1864 359 2257 425 imitationis
2320 363 2764 443 tractandum,
2830 378 2957 440 quo
3003 361 3276 427 Horatii

480 464 819 530 sententia
867 464 1312 548 compluribus
1356 464 1584 533 verbis
1629 465 2107 547 comprehensa
2154 483 2194 530 a
2224 463 2479 530 Seneca
2526 469 2645 530 aut
2684 465 2985 532 breviter
3013 466 3277 532 reddita

469 572 590 634 aut
635 571 864 634 eodem
907 569 1048 634 fere
1095 571 1284 636 modo
1332 571 1726 635 adumbrata
1773 573 1896 634 est.
1945 568 2026 634 In
2071 568 2379 636 versibus
2427 571 2772 635 552—553
2841 591 2964 636 non
3007 571 3137 636 illic
3177 595 3274 656 ye-

467 676 705 737 miuum
775 673 1176 761 Tyndaridae
1233 697 1425 760 qenue
1476 709 1564 722 —-
1615 685 1988 738 succurrunt
2052 673 2295 738 timidis
2356 673 2569 738 sidera
2632 675 2896 738 navibus
2959 692 3275 759 recogno-

469 777 710 843 scimus
757 779 966 845 verba
1017 778 1284 844 Horatii
1327 778 1381 845 I.
1434 781 1532 844 12.
1578 781 1835 844 25-32
1881 778 2263 844 accuratius
2297 778 2564 844 exculta
2598 779 2856 862 [Dicam
2906 791 2963 844 et
3012 779 3272 845 Alciden

461 904 816 968 puerosque
863 883 1071 948 Ledae
1117 920 1200 932 --·
1247 885 1408 948 hunc
1453 885 1647 971 equis,
1695 883 1876 951 illum
1918 906 2219 969 superare
2252 886 2489 969 puqnie
2537 921 2619 930 —
2650 884 2907 948 nobilem
2919 909 2947 966 ;
3006 907 3277 970 quorum

468 987 663 1052 simul
708 987 852 1052 alba
895 991 1110 1053 nautis
1139 1027 1224 1038 --
1255 989 1427 1053 stella
1473 989 1744 1074 refulsit,
1794 1026 1879 1036 -—
1924 989 2139 1069 defluit
2182 989 2359 1052 saoeie
2412 992 2689 1074 agitatus
2757 990 2998 1073 humor,
3036 1027 3109 1037 -
3146 1013 3275 1054 6οη-

472 1092 689 1156 cidunt
718 1095 889 1157 venti
914 1095 1299 1180 fugiuntque
1337 1094 1528 1158 nubes
1564 1129 1651 1140 -
1691 1103 1747 1156 et
1795 1096 2033 1176 minax,
2088 1116 2227 1156 cum
2281 1095 2371 1158 sic
2414 1093 2673 1171 voluere,
2710 1104 2909 1178 ponto
2965 1131 3051 1140 -
3105 1093 3279 1158 unda

473 1198 818 1282 recumbit]
869 1216 994 1262 1166
1037 1199 1246 1265 verba
1294 1200 1375 1265 ab
1415 1197 1634 1282 defluit
1679 1216 1891 1277 usque
1916 1199 2003 1263 ad
2028 1198 2323 1262 recumbit
2349 1196 2715 1279 potentiam
2746 1197 3279 1280 Tyndaridarum

479 1301 893 1367 declarantia
957 1322 996 1366 a
1042 1301 1299 1369 Seneca
1367 1320 1497 1368 uno
1571 1302 1897 1368 vocabulo
1966 1312 2336 1365 succurrunt
2381 1300 2645 1366 reddita
2712 1319 2859 1367 esse
2930 1301 3275 1382 quisquam

474 1406 769 1488 negabit.

679 1512 972 1594 Partem,
1019 1529 1188 1591 quae
1236 1512 1318 1576 de
1363 1511 1434 1578 vi
1478 1511 1839 1577 carminum
1896 1515 2019 1593 est,
2067 1509 2311 1575 cantici
2342 1509 2779 1591 posteriorem
2811 1513 3090 1576 eandem
3136 1509 3274 1575 fere

471 1614 760 1696 speciem
791 1617 1130 1698 praebere
1177 1621 1378 1696 atque
1410 1615 1677 1681 Horatii
1723 1633 1962 1682 versus
2008 1614 2063 1679 I.
2113 1616 2213 1679 12.
2260 1615 2474 1678 7-12
2520 1613 2652 1679 iam
2698 1633 2903 1696 supra
2935 1612 3276 1681 adnotavi-

471 1737 633 1784 mus.
679 1719 959 1785 Accedit
1002 1739 1182 1803 ver0,
1232 1721 1406 1800 quod
1452 1719 1746 1786 Senecae
1793 1737 2031 1786 versus
2064 1718 2408 1784 572—576
2442 1717 2677 1783 mirum
2721 1718 2789 1783 in
2821 1719 3081 1785 modum
3131 1735 3275 1782 cum

473 1823 866 1891 Horatianis
912 1825 1045 1890 illis
1093 1827 1538 1892 consentiunt.
2967 1882 2972 1888 .

689 1929 859 1994 Unde
906 1931 1172 1996 vocalem
1217 1942 1440 1995 temere
1483 1932 1792 1994 insecutae
1842 1967 1917 1976 -—
1998 1927 2252 2014 Orphea
2296 1929 2558 1992 silvae
2600 1965 2687 1973 —
2734 1927 2954 2009 [Arte
2994 1938 3277 1990 ‘materna

477 2034 742 2117 rapidos
800 2045 1274 2101 morasntem
1317 2074 1402 2082 —
1432 2035 1775 2120 fluminum
1823 2034 2039 2118 lapsus
2083 2033 2422 2118 celeresque
2476 2041 2691 2118 ‘ventos
2753 2067 2826 2078 —
2880 2030 3175 2095 blandum
3225 2040 3281 2092 et

471 2140 724 2202 auritas
768 2140 1016 2221 fidibus
1079 2140 1328 2204 canoris
1370 2177 1459 2188 —
1503 2139 1724 2202 ducere
1784 2135 2116 2227 quercusfi·
2183 2154 2353 2216 quae
2417 2137 2625 2202 Verba
2690 2139 2913 2200 utrum
2958 2137 3143 2198 recte
3192 2151 3276 2197 an

481 2259 831 2324 perperam
893 2243 1176 2309 Horatio
1241 2242 1663 2309 abiudicatae
1711 2242 1866 2324 sint,
1931 2240 2220 2306 fortasse
2287 2259 2364 2305 eo
2410 2238 2772 2305 ‘diiudicari
2814 2241 3060 2320 potest,
3107 2237 3281 2317 quod

477 2343 732 2411 Seneca
775 2346 952 2412 huno
1007 2348 1212 2413 habet
1256 2349 1610 2414 verborum
1658 2345 1952 2411 ordinem
1996 2364 2058 2412 v.
2103 2345 2476 2410 572—576:
2540 2367 2696 2429 quae
2738 2345 2995 2408 silvas
3039 2352 3094 2405 et
3138 2363 3283 2404 aves

477 2471 756 2534 comaque
783 2461 1073 2515 traaeerat
1117 2490 1202 2501 —
1249 2471 1412 2532 afr-3,
1459 2474 1618 2537 quae
1646 2451 2065 2536 praebuerant
2097 2450 2477 2534 fluminibus
2506 2466 2808 2530 morem,
2852 2484 2941 2494 —
2987 2447 3073 2510 ad
3103 2447 3283 2508 cuius

476 2555 745 2619 sonitum
809 2557 1211 2620 constiterant
1258 2556 1471 2641 ferae,
1522 2593 1607 2603 —
1650 2554 1871 2619 mulcet
1918 2577 2039 2618 non
2104 2554 2304 2619 solitis
2350 2553 2600 2617 vocibus
2629 2553 2871 2637 inferos
2914 2587 3003 2599 —
3046 2553 3114 2613 in
3145 2571 3283 2612 sur-

480 2658 583 2723 dis
625 2673 874 2727 resonat
907 2663 1143 2728 clarius
1172 2665 1241 2728 in
1287 2663 1451 2727 locis.
1498 2660 1696 2727 Certe
1742 2659 1873 2725 iam
1905 2657 2223 2726 Senecam
2268 2657 2440 2723 hanc
2473 2655 2740 2722 Horatii
2785 2654 3125 2737 stropham
3171 2653 3285 2718 im-

475 2771 839 2847 pugnatam
887 2769 1155 2836 novisse
1200 2772 1499 2850 apparet.

685 2869 888 2933 Ferae
918 2892 979 2940 v.
1008 2873 1079 2939 in
1112 2875 1257 2957 574,
1292 2890 1461 2954 quae
1492 2872 1615 2937 hoo
1646 2868 1913 2935 Horatii
1942 2869 2085 2933 1060
2132 2885 2264 2931 11011
2298 2867 2907 2944 commemorantur,
2951 2860 3286 2928 nominan-

480 2976 595 3037 tur
637 2973 798 3039 Hor.
846 2976 1041 3057 epist.
1086 2978 1178 3043 II.
1227 2982 1284 3044 3.
1331 2980 1457 3044 393
1500 2977 1787 3061 Orpheus
1833 3010 1915 3021 —-
1962 2972 2171 3036 dictus
2213 2972 2291 3034 ab
2332 2972 2443 3033 hoc
2475 2969 2666 3032 lenire
2695 2970 2885 3052 tiqree
2914 2966 3287 3049 rabidosque

481 3075 695 3160 leones,
767 3097 886 3161 pro
954 3081 1191 3160 quibus
1239 3080 1492 3147 Seneca
1555 3098 1792 3145 nomen
1854 3074 2331 3160 appellativum
2389 3074 2587 3159 ferae
2650 3070 2971 3138 adhibuit.
3034 3070 3288 3136 Eodem

481 3180 746 3247 Horatii
790 3184 953 3266 1060,
1020 3185 1134 3264 (1111
1179 3186 1259 3250 de
1306 3185 1674 3266 Amphione
1722 3187 1845 3266 est,
1891 3181 2177 3249 facultas
2209 3182 2367 3247 data
2400 3183 2505 3245 est
2545 3200 2707 3242 sama
2740 3174 3286 3242 commemorandi

483 3282 562 3349 cf.
611 3284 767 3353 ibid.
816 3307 880 3355 V.
929 3292 1055 3353 395
1118 3311 1279 3353 saaca
1323 3312 1560 3352 movere
1606 3311 1752 3352 sono
1797 3287 2131 3351 testudinis
2178 3294 2233 3349 et
2271 3307 2455 3369 prece
2499 3281 2732 3346 blanda
2760 3316 2849 3329 —
2880 3280 3119 3355 ducere,
3166 3299 3288 3363 quo

484 3387 671 3454 vellet.
731 3391 974 3472 Itaque
1039 3393 1220 3458 solae
1285 3416 1430 3456 aves
1477 3391 1772 3458 Senecae
1819 3395 1996 3456 sunt.
2045 3389 2140 3457 ¹In
2204 3408 2277 3453 re
2342 3392 2478 3451 tam
2524 3385 2814 3450 libenter
2878 3385 2960 3450 ab
3007 3382 3289 3449 Horatio

481 3497 778 3561 tractata
823 3515 953 3563 non
1000 3498 1235 3563 mirum
1282 3501 1405 3580 est,
1477 3497 1649 3577 quod
1693 3495 1877 3559 locus
1926 3493 2284 3573 invenitur,
2349 3490 2461 3570 qui
2528 3487 2681 3553 huic
2728 3487 3023 3553 Senecae
3078 3505 3290 3571 paene

487 3602 892 3682 respondeat
955 3608 1022 3668 et
1086 3601 1540 3685 magnitudine
1603 3598 1957 3667 locutionis
2024 3601 2092 3662 et
2136 3597 2491 3663 verborum
2548 3593 2828 3659 delectu.
2892 3592 3022 3657 Est
3067 3595 3288 3655 autem

490 3701 651 3767 Hor.
694 3705 818 3770 III.
867 3711 967 3772 11.
1019 3710 1276 3773 13-14
1329 3707 1425 3770 Tu
1457 3716 1640 3791 potes
1701 3706 1895 3790 tiqres
1939 3704 2303 3786 comitesque
2352 3698 2546 3763 silvae
2597 3734 2670 3744 —-
2721 3698 2943 3761 ducere
3005 3705 3062 3759 et
3122 3697 3294 3758 rivos

485 3808 704 3873 celeres
747 3815 1004 3876 morari.
1053 3813 1359 3893 Denique
1407 3813 1488 3877 ab
1536 3811 1659 3877 hoc
1705 3809 1847 3875 loco
1896 3826 2028 3873 non
2060 3805 2348 3872 alienum
2381 3804 2648 3871 videtur
2679 3800 3029 3867 adfirmare
3060 3816 3289 3867 vocem

487 3916 769 3978 carmine
805 3915 874 3981 in
919 3935 980 3983 v.
1042 3918 1168 3982 590
1215 3916 1552 3982 codicibus
1599 3914 1725 3981 EV
1788 3913 2159 3995 praebitam
2209 3908 2543 3998 [cantibus
2589 3904 2690 3993 A]
2747 3904 3011 3985 aliquod
3077 3904 3292 3968 firma-

489 4022 778 4084 mentum
857 4020 1156 4103 reoipere
1233 4041 1314 4087 ex
1363 4022 1523 4087 Hor.
1597 4019 1722 4086 III.
1803 4020 1905 4083 11.
1980 4020 2063 4081 24
2126 4018 2207 4081 de
2274 4015 2503 4080 eadem
2562 4030 2635 4078 re
2697 4010 2959 4075 dicente
3022 4010 3295 4072 carmine

490 4123 734 4189 mulce-3.

1527 4279 1894 4363 Hercules
1946 4277 2256 4359 Furens

562 4454 708 4521 ΠΙ.
757 4458 1228 4525 canticum
1275 4455 1831 4540 sapphicum
1881 4456 1972 4519 et
2019 4450 2582 4535 glyconeum
2628 4461 2711 4509 v.
2759 4437 3226 4509 830—894.

698 4630 844 4697 Hoc
891 4650 1152 4713 quoque
1198 4630 1266 4697 in
1313 4629 1575 4696 cantico
1621 4627 1879 4694 Seneca
1927 4629 1997 4691 et
2041 4620 2419 4702 sententiis,
2465 4635 2630 4699 quas
2678 4612 2957 4681 carmini
2986 4630 3105 4679 suo
3136 4618 3299 4677 tam-

496 4758 691 4820 quam
735 4736 1234 4805 fundamentum
1280 4733 1638 4815 subiceret,
1707 4735 1775 4797 et
1821 4727 2107 4813 singulis
2152 4723 2599 4791 locutionibus
2664 4723 2736 4784 et
2779 4717 3121 4785 vocabulis
3166 4716 3300 4780 Ho-

495 4845 738 4913 ratium
786 4845 1020 4909 ducem
1051 4846 1322 4909 secutus
1358 4844 1481 4906 est.
1527 4835 1879 4905 Sententia
1916 4851 2073 4902 vero
2108 4827 2393 4911 Horatii,
2444 4844 2637 4907 quam
2678 4828 2950 4891 secutus
2982 4822 3300 4887 Annaeus
