3759 5400
1751 227 2173 286 -44—

557 391 738 457 lerus
806 392 875 458 in
929 392 1159 458 Jahnii
1203 394 1371 458 Ann.
1436 398 1590 460 tom.
1639 398 1720 460 89
1770 395 1999 480 (1864)
2066 416 2128 476 p.
2176 399 2304 461 416
2354 398 2663 463 ostendit.
2740 397 3147 480 Quamquam
3188 415 3355 464 -vero

559 515 772 576 neque
820 497 1118 578 exemplo
1165 496 1298 580 illo,
1345 501 1519 577 quod
1566 499 1672 566 vir
1715 501 1828 566 ille
1877 499 2295 566 doctissimus
2344 521 2427 566 ex
2471 501 2631 568 Hor.
2675 503 2726 566 Ι.
2776 504 2832 566 1.
2861 505 3029 567 7-8
3076 502 3357 583 protulit

508 641 521 656 .
562 599 768 684 (quem
812 604 874 666 si
915 603 1234 666 mobilium
1280 602 1462 666 turba
1519 603 1862 678 Quiritium
1918 643 1983 654 —
2039 614 2232 669 certat
2296 608 2647 692 teryeminis
2710 607 2918 671 tollere
2972 607 3354 686 honoribus),

562 705 1105 772 anachronismus
1153 711 1518 772 excusatur
1562 727 1777 790 neque
1832 708 1962 775 alio
2008 709 2153 774 loco
2199 708 2358 774 Hor.
2404 710 2527 774 III.
2576 714 2633 775 2.
2681 714 2763 776 23
2834 711 3180 796 (coetusque
3224 708 3357 772 md-

553 833 740 892 9a2·ea
799 821 854 874 et
915 809 1110 874 udam
1169 812 1408 894 spernit
1451 814 1716 876 humum.
1768 814 2061 900 fuyz'ente
2110 869 2115 875 .
2128 813 2373 899 penna)
2442 815 2814 880 emendatio
2892 813 3034 880 eius
3114 814 3355 896 „nullis

562 909 850 992 notaque
899 913 1238 980 coetibus'’
1284 914 1452 982 satis
1496 915 1819 1001 firmatur,
1864 923 2089 985 tamen
2159 918 2334 984 hunc
2398 919 2971 986 anachronismum
3016 917 3129 986 vix
3193 918 3355 983 tole-

559 1015 832 1090 rabilem
882 1038 1030 1086 esse
1078 1024 1260 1087 certe
1309 1025 1416 1086 est
1461 1025 1972 1089 concedendum.
2010 1077 2019 1083 .

1771 1265 2148 1373 Thyestes.

1077 1475 1220 1542 111.
1271 1475 1739 1542 canticum
1787 1474 2238 1543 546—622
2288 1473 2853 1558 sapphicum.

765 1648 910 1715 Hoc
957 1649 1282 1715 canticum
1331 1650 1525 1716 Atrei
1572 1649 1885 1731 pietatem
1930 1648 2296 1731 praedicat,
2360 1669 2491 1730 qua
2536 1649 2913 1717 simultates
2959 1649 3355 1716 etdissidia

559 1752 839 1818 fratrum
905 1752 1270 1836 composuit
1317 1753 1736 1839 (546—576),
1782 1758 2115 1833 tamquam
2166 1754 2493 1819 serenitas
2542 1758 3008 1836 tempestatem
3054 1753 3359 1834 sequitur

561 1856 980 1943 (577—596).
1045 1858 1278 1928 Altera
1308 1863 1500 1943 parte
1533 1859 1614 1924 de
1654 1857 2021 1924 mobilitate
2054 1876 2275 1923 rerum
2319 1859 2749 1924 humanarum
2794 1859 3185 1944 (596-622)
3234 1861 3362 1925 dis-

559 1961 725 2026 serit
785 1969 986 2043 poeta
1044 1967 1110 2028 et
1176 1964 1456 2029 maxime
1529 1964 1933 2046 potentibus·
1982 1963 2424 2028 Horatianum
2492 1962 2658 2029 illud
2731 1987 3031 2050 compesce
3098 1974 3357 2028 mentem

561 2066 943 2132 succlamat.
991 2068 1071 2132 In
1120 2069 1340 2149 priore
1388 2068 1632 2136 cantici
1677 2072 1871 2150 parte
1919 2067 2301 2150 Zingerlius
2347 2068 2388 2133 l.
2440 2087 2493 2134 c.
2542 2089 2603 2150 p.
2651 2072 2732 2133 14
2779 2088 2910 2135 non
2956 2069 3169 2134 solum
3215 2069 3355 2134 imi-

561 2170 852 2237 tationes
898 2172 1329 2255 HoratianaS,
1374 2175 1492 2240 sed
1554 2173 1755 2238 etiam
1800 2170 2081 2237 aliorum
2146 2176 2489 2253 poetarum
2537 2171 2824 2238 inveniri
2869 2172 3227 2239 adfirmans
3275 2176 3360 2239 ad
3450 2210 3462 2223 ·

557 2293 618 2340 V.
667 2276 796 2340 560
841 2277 1040 2344 otium,
1079 2287 1248 2341 tanto
1293 2277 1568 2341 subitum
1614 2302 1646 2342 e
1690 2276 1963 2340 tumultu
1994 2313 2077 2322 ——-
2112 2279 2255 2362 quis
2298 2277 2671 2362 deuafecit?
2714 2279 2887 2342 bene
2916 2277 3117 2360 Verg.
3150 2279 3360 2362 eclog.

559 2377 610 2442 I.
661 2382 720 2444 6.
769 2380 920 2444 deus
962 2382 1136 2448 uobis
1180 2384 1328 2446 haec
1391 2385 1524 2446 otia
1588 2383 1739 2454 fecit
1801 2380 2050 2447 attulit.
2117 2382 2197 2446 ln
2252 2401 2315 2447 v.
2364 2384 2490 2446 557
2552 2383 3057 2463 sanquinem
3100 2383 3363 2446 Mavors

473 2521 490 2540 ·
561 2486 906 2564 cupiens
951 2495 1366 2556 ,recentem
1411 2487 1836 2569 amplioribus
1883 2486 2107 2553 verbis
2155 2484 2445 2551 reddidit
2476 2491 2675 2566 poeta
2719 2485 2984 2552 Horatii
3028 2487 3115 2552 Π.
3150 2491 3231 2552 14
3281 2491 3361 2551 13

550 2587 815 2672 frustra
861 2599 1198 2656 cruento
1242 2595 1522 2658 Marte
1565 2592 1927 2657 carebimus.
1974 2592 2065 2656 At
2110 2591 2510 2656 sententiam
2576 2592 2659 2656 ab
2714 2591 2995 2656 Horatio
3056 2591 3359 2673 pluribus

564 2691 838 2760 vocibus
885 2695 1130 2761 editam
1178 2696 1410 2763 iisdem
1476 2697 1617 2763 fere
1665 2695 1888 2765 verbis
1960 2695 2216 2763 Seneca
2277 2694 2567 2763 reddidit
2632 2698 2975 2761 574-575
3038 2700 3171 2761 iam
3224 2697 3363 2761 silet
3460 2734 3467 2741 ·

563 2816 961 2865 murmur
1003 2821 1256 2883 yrave
1297 2806 1864 2881 classicorum,
1909 2839 1993 2849 —-
2038 2805 2169 2865 iam
2214 2812 2369 2865 tacet
2412 2801 2651 2865 stridor
2682 2804 2881 2867 litui
2922 2805 3364 2883 strepentis

564 2901 644 2965 cf.
689 2902 849 2967 Hor.
899 2905 988 2969 II.
1042 2909 1138 2971 17.
1191 2910 1272 2973 18
1321 2909 1451 2970 iam
1494 2931 1658 2971 nunc
1697 2909 2024 2983 minaci
2060 2925 2504 2971 murmure
2550 2930 2850 2970 cornuum
2884 2944 2961 2953 --
2989 2910 3365 2992 persto-inyis

560 3029 750 3070 aures
820 3010 951 3071 iam
1031 3014 1226 3076 litui
1296 3020 1677 3093 strepunt
1739 3016 1810 3077 et
1872 3013 2058 3093 epod.
2122 3011 2211 3077 Π.
2284 3016 2323 3075 5
2388 3034 2576 3095 neque
2638 3013 2949 3074 eoecitatm·
3022 3013 3363 3077 classico

561 3111 736 3174 miles
781 3116 1026 3180 truci.
1072 3115 1330 3183 Deinde
1377 3119 1550 3197 quod
1599 3116 1942 3199 epitheton
2005 3117 2074 3181 in
2121 3137 2184 3183 v.
2232 3119 2359 3181 583
2426 3139 2583 3201 rupe
2628 3119 3041 3199 s’evmmztc’s
3084 3117 3365 3180 residens

567 3218 630 3279 ιή
659 3218 973 3283 Aetnae
1031 3222 1302 3305 occurit,
1351 3225 1578 3289 eodem
1623 3222 1765 3289 fere
1834 3241 1993 3288 usus
2042 3228 2147 3288 est
2192 3223 2354 3288 Hor.
2404 3224 2590 3303 epod.
2660 3225 2757 3287 17.
2822 3225 2903 3287 32
2966 3246 3073 3287 nec
3119 3223 3357 3287 Sicana

553 3324 890 3402 fervida
933 3360 1017 3369 —
1061 3327 1272 3390 virens
1317 3330 1383 3391 in
1428 3327 1633 3393 Aetna
1663 3329 1953 3413 flamma.
2008 3328 2231 3408 Atque
2278 3326 2680 3393 sententiam
2724 3326 2992 3391 Horatii
3055 3327 3359 3409 pluribus

562 3426 789 3492 verbis
839 3432 1162 3513 ornatam,
1207 3431 1321 3496 ubi
1365 3435 1834 3513 tempestatem
1861 3433 2273 3498 desinentem
2316 3430 2879 3510 serenitatemque
2928 3430 3363 3497 exsistentem

565 3530 882 3597 describit
919 3531 979 3597 -Ι,
1029 3537 1128 3599 12.
1175 3538 1257 3599 29
1324 3535 1591 3621 (Defluit
1657 3538 1836 3601 samis
1880 3537 2157 3621 ayitatua
2226 3538 2467 3619 humor,
2518 3574 2591 3583 —
2644 3538 3088 3601 concidunt
3138 3541 3363 3603 venti

545 3635 943 3721 fugiuntque
978 3648 1162 3721 nubes
1189 3678 1255 3687 —-
1285 3652 1339 3705 et
1383 3642 1626 3723 minam,
1673 3664 1812 3703 cum
1855 3642 1945 3705 sic
1994 3641 2251 3722 voluere,
2272 3650 2530 3721 ponto
2564 3678 2643 3687 —
2663 3644 2901 3706 unda
2932 3643 3364 3723 recumbit)

564 3747 866 3814 breviter
909 3744 1200 3812 absolvit
1241 3746 1560 3811 Annaeus
1607 3746 1709 3811 his
1756 3744 1981 3814 verbis
2030 3764 2091 3812 v.
2140 3748 2483 3811 587—588
2530 3747 2591 3808 si
2644 3768 2797 3808 suae
2851 3747 3119 3810 vent-233
3163 3749 3364 3811 ceci-

563 3856 758 3917 dere
799 3855 987 3933 vires,
1033 3888 1117 3901 --
1161 3852 1380 3915 mitius
1423 3862 1640 3937 stayno
1674 3856 2048 3933 pelaym.
2083 3851 2538 3931 recwmbit).
2603 3887 2686 3898 -
2743 3849 2823 3915 In
2891 3849 3109 3914 altera
3170 3854 3361 3929 parte

561 3957 689 4023 loci
737 3961 1024 4039 exstant,
1073 3956 1186 4035 qui
1232 3956 1634 4022 sententiam
1697 3956 1895 4024 huius
1958 3956 2172 4037 partis
2235 3974 2317 4021 ex
2362 3956 2521 4019 Hor.
2570 3956 2624 4018 Ι.
2691 3958 2774 4020 34
2838 3953 2967 4019 fine
3030 3958 3369 4035 sumptam.

569 4080 716 4127 esse
765 4062 967 4129 etiam
1014 4060 1355 4129 vocabulis
1403 4060 1719 4127 adhibitis
1767 4060 2119 4127 manifeste
2185 4058 2503 4142 indicant,
2569 4059 2741 4138 quod
2805 4058 2937 4123 iam
2982 4057 3362 4141 Zingerlius

563 4168 708 4234 l..c.
760 4186 820 4249 p.
873 4170 954 4231 15
1002 4165 1316 4231 ostendit.
1380 4166 1490 4231 Ita
1534 4172 1594 4232 v.
1645 4169 1772 4230 598
1835 4169 2020 4231 ima
2072 4172 2505 4247 permutat
2566 4164 2717 4228 levis
2778 4164 2935 4227 hora
3003 4166 3364 4229 summis

564 4270 1104 4359 totus-congruit
1149 4289 1295 4335 cum
1339 4271 1500 4335 Hor.
1544 4271 1592 4335 I.
1621 4274 1744 4355 34,
1794 4273 1875 4335 14
1920 4269 2099 4335 valet.
2125 4274 2312 4335 ima.
2350 4271 2709 4337 summis
2752 4277 3106 4333 mutare.

570 4386 606 4439 -.·
635 4432 663 4443 ,.
773 4375 1204 4463 Memorabile
1252 4380 1358 4441 est
1399 4375 1726 4441 Senecam
1781 4394 1863 4441 ex
1909 4376 2177 4442 Horatii
2220 4374 2579 4441 sententiis
2626 4390 3113 4452 nonnumquam
3176 4374 3366 4453 quasi

565 4480 1101 4564 exfipraemisfsis,
1137 4484 1222 4546 'ut
1264 4480 1481 4564 logico
1529 4480 1810 4545 termino
1855 4479 2570 4563 utar,.vconclusionem
2604 4476 2877 4544 fecisse.
2940 4476 3103 4542 'Pale
3152 4496 3365 4543 exem-

569 4589 748 4669 plum
776 4590 1021 4653 'exstat
1066 4584 1137 4650 in
1181 4605 1243 4652 V.
1291 4586 1636 4652 604-—2607
1701 4588 1939 4649 anxius
2000 4597 2311 4671 sceptrum
2367 4595 2523 4648 tenet
2568 4594 2624 4647 et
2666 4592 2970 4647 ‘moventes
3020 4619 3097 4627 —-
3147 4593 3364 4646 cuncta

571 4694 818 4757 divinat
863 4694 1196 4776 metuitque
1240 4714 1424 4754 casus
1469 4728 1550 4737 —-
1594 4690 1848 4757 mobiles
1912 4714 2123 4755 rerum
2168 4690 2543 4776 dubiumque
2608 4699 2867 4772 tempus,
2937 4706 3108 4767 quae
3155 4689 3365 4754 verba

561 4802 896 4878 tamquam
961 4794 1249 4862 fructum
1317 4794 1578 4878 cepisse
1639 4795 1910 4864 videtur
1974 4796 2229 4863 Seneca
2292 4814 2377 4861 ex
2438 4794 2623 4859 hisce
2668 4791 2935 4858 Horatii
3001 4791 3222 4858 verbis
3270 4792 3363 4856 11.

566 4906 666 4968 13.
716 4906 796 4969 13
843 4902 997 4988 quid
1040 4902 1294 4986 quisque
1352 4904 1518 4980 vitet,
1581 4925 1923 4987 nmquam
1968 4904 2209 4967 homini
2270 4902 2427 4983 ..satis
2503 4936 2587 4955 —-=-.
2658 4906 2967 4963 cautumet
3032 4898 3099 4961 in
3144 4898 3358 4962 horas,
