3759 5400
1642 184 2072 248 -30-

452 355 746 422 ineuntis
797 355 1104 420 carminis
1151 355 1311 422 Hor.
1361 354 1486 421 III.
1546 357 1603 419 6.
1651 359 1686 420 1
1737 354 1989 419 Delicta
2032 358 2346 420 maiorum
2386 358 2673 421 inmerito
2739 357 2888 435 lues,
2956 357 3257 440 Romane,

463 460 542 526 cf.
589 460 742 527 Sen.
789 461 1135 525 709—712
1185 457 1334 523 Non
1397 467 1469 522 tu
1527 459 1722 522 tantis
1765 482 1961 522 causa
2010 459 2289 544 periclis,
2336 498 2423 506 —
2466 483 2588 524 non
2650 461 2793 526 hinc
2862 460 3261 525 Labdacidas

445 575 674 650 petunt
747 601 834 614 ·-—
877 565 1077 649 fata,
1163 563 1269 626 sed
1329 574 1564 628 veteres
1643 564 1828 627 deum
1892 599 1982 612 -—
2042 564 2181 627 irae
2254 574 2565 628 secuntur.
2648 563 2907 631 Deinde
2990 583 3053 632 V.
3138 568 3266 631 724

456 679 728 755 tempore
773 692 850 732 eae
893 669 1000 733 illo
1043 691 1208 732 nova
1247 678 1529 731 monstra
1558 691 1798 752 semper
1825 704 1912 714 —
1948 667 2219 754 protulit
2262 667 2442 731 tellus
2476 669 2753 734 eandem
2784 687 2923 735 rem
2957 669 3259 749 quamvis

459 773 588 858 alio
641 791 865 838 rerum
929 772 1157 842 ordine
1206 771 1537 854 expressit
1608 770 1932 836 Horatius
1980 772 2167 853 epod.
2215 775 2315 837 16.
2364 772 2447 838 10
2484 773 2777 858 ferisque
2820 795 3047 837 mre-sus
3090 795 3261 838 oeca-

456 877 714 958 pabitar
758 877 978 940 solum.
1034 876 1118 943 In
1179 875 1304 940 hoc
1369 892 1630 956 quoque
1696 875 1960 941 cantico
2014 860 2223 942 'verba
2268 875 2536 942 Horatii
2606 875 2998 958 simpliciter
3040 877 3263 943 brevi-

456 988 703 1061 terque·
738 980 961 1062 posita
1005 999 1045 1044 a
1093 979 1350 1045 Seneca
1396 985 1594 1045 aucta
1632 982 1832 1060 atque
1867 985 2193 1046 exornata
2222 984 2406 1045 sunt:
2428 1000 2513 1054 Ν.
2548 983 2674 1045 726
2708 999 2848 1061 sqq.
2896 993 3007 1044 aut
3037 985 3263 1065 anquis

459 1087 606 1148 imis
649 1083 919 1150 vallibus
971 1085 1178 1150 editus
1222 1089 1348 1147 ete.
1415 1083 1657 1148 collato
1719 1083 1879 1150 Hor.
1925 1082 2042 1150 IV.
2084 1086 2145 1147 4.
2192 1085 2275 1148 63
2322 1101 2417 1163 sq.
2467 1095 2882 1148 monstrumve
2926 1083 3263 1150 submisere

467 1188 682 1254 Colchi
747 1226 831 1236 —
891 1190 1105 1252 maius
1165 1189 1582 1252 Echioniaeve
1635 1187 1895 1252 Thebae.
1962 1186 2232 1252 Pariter
2293 1206 2406 1252 res
2476 1206 2549 1253 se
2596 1190 2801 1254 habet
2845 1208 2907 1256 V.
2957 1191 3083 1256 748
3153 1191 3272 1253 hac

461 1294 792 1356 transierit
835 1289 1017 1358 civile
1059 1293 1267 1376 nefas,
1313 1291 1372 1358 si
1418 1290 1911 1373 comparaveris
1960 1310 2105 1368 cum
2159 1291 2321 1356 Hor.
2369 1290 2494 1358 III.
2542 1295 2599 1357 6.
2650 1296 2730 1358 19
2778 1312 2873 1374 sq.
2921 1296 3033 1357 hoe
3082 1295 3268 1379 fonte

462 1397 751 1462 devivata
797 1396 1000 1460 clades
1047 1433 1128 1442 —
1177 1397 1244 1458 in
1279 1398 1567 1480 patriam
1615 1396 2047 1480 populumque
2098 1396 2313 1479 fluxit.
2360 1395 2733 1476 Utriusque
2790 1403 3029 1479 poetae
3098 1416 3265 1464 com-

465 1499 682 1566 munis
729 1504 834 1566 est
879 1499 1241 1581 descriptio
1287 1499 1470 1566 vitae
1519 1499 1886 1564 castrensis
1933 1499 2039 1565 vel
2074 1499 2261 1577 belli:
2309 1499 2461 1565 Sen.
2497 1503 2624 1566 732
2650 1518 2749 1581 sq.
2781 1504 2990 1566 sonuit
3032 1502 3263 1586 reflexo

462 1641 548 1651 —
577 1605 906 1668 classicum
939 1623 1201 1670 cornu
1233 1606 1652 1684 lituusque
1681 1604 1923 1667 adunco
1953 1641 2024 1650 —-
2050 1603 2353 1668 stridulos
2384 1613 2603 1668 cantus
2634 1605 2796 1669 elisit
2826 1628 2975 1670 aere
3005 1610 3075 1670 et
3104 1605 3265 1671 Hor.

463 1707 552 1776 II.
574 1712 630 1772 1.
669 1711 748 1774 17
784 1726 881 1792 sq.
917 1711 1049 1790 iarn
1078 1730 1243 1792 nanc
1273 1709 1508 1772 minaci
1548 1730 1872 1772 murmure
1902 1727 2316 1776 commum
2344 1744 2430 1754 —
2464 1711 2845 1793 perstringis
2888 1732 3094 1790 aures,
3140 1713 3273 1773 iam

467 1815 666 1878 litui
710 1823 990 1896 strepunt
1037 1818 1106 1876 et
1149 1811 1203 1878 I.
1252 1815 1309 1876 1.
1354 1815 1436 1876 23
1483 1811 1708 1876 multos
1752 1823 1964 1875 castra
1993 1815 2215 1876 iuvant
2262 1823 2317 1876 et
2363 1811 2517 1875 lituo
2562 1811 2745 1876 tubae
2787 1849 2875 1860 —
2907 1814 3273 1899 permiaetus

465 1918 724 1982 sonitus.
789 1915 1190 1981 Imitationis
1257 1915 1672 1998 singularum
1716 1934 1954 1982 vocum
2016 1916 2321 1997 exempla
2390 1917 2517 1981 duo
2581 1917 2867 1999 repperi,
2936 1937 3136 1983 unum
3185 1936 3270 1983 ex

464 2019 626 2086 Hor.
671 2018 799 2086 ΠΙ.
843 2023 906 2086 4.
956 2022 1035 2104 61
1085 2022 1199 2104 qui
1239 2041 1386 2082 rore
1437 2043 1610 2105 puro
1662 2022 2077 2088 Castaliae
2123 2021 2276 2084 lavit
2320 2056 2405 2067 —
2450 2022 2671 2086 crines¹
2694 2021 2947 2102 solutos,
2998 2021 3111 2087 ubi
3142 2040 3273 2089 vox

473 2122 790 2188 Castaliae
821 2123 1076 2190 occurit
1105 2123 1176 2190 in
1206 2143 1266 2189 v.
1300 2125 1424 2188 712
1465 2122 1815 2189 Castaliam
1837 2147 2073 2206 nemus,
2119 2125 2405 2190 alterum
2428 2123 2499 2188 in
2536 2141 2757 2200 versu,
2802 2125 2917 2205 qui
2946 2126 3273 2209 sequitur,

468 2230 594 2294 713
641 2228 930 2291 umbram
977 2226 1242 2292 Sidonio
1261 2226 1565 2313 praebuit
1610 2230 1862 2314 hospiti,
1910 2227 2027 2294 ubi
2057 2245 2294 2294 nomen
2332 2227 2611 2292 Cadmus
2642 2230 2900 2294 duabus
2936 2232 3271 2312 expressit

468 2332 744 2399 vocibus
793 2330 1049 2398 Seneca
1093 2331 1359 2398 Sidonio
1404 2333 1660 2416 hospiti,
1706 2333 1964 2415 pariter
2006 2336 2210 2412 atque
2258 2333 2341 2400 ab
2386 2331 2669 2398 Horatio
2689 2331 2815 2398 111.
2861 2337 2918 2400 3.
2950 2337 3033 2402 26
3080 2334 3273 2400 Paris

451 2436 756 2520 famosus
801 2436 1019 2520 hospes
1062 2435 1481 2518 appellatur.'

1703 2659 2047 2769 Oedipus.

916 2870 1062 2936 IV.
1111 2869 1584 2936 canticum
1632 2868 2199 2952 glyconeum
2245 2886 2326 2937 v.
2376 2868 2835 2937 882—914.

681 3060 949 3125 Laudes
996 3059 1250 3125 mediae
1298 3058 1626 3141 fortunae,
1693 3076 1865 3139 quae
1912 3078 1953 3123 a
2000 3059 2197 3125 choro
2262 3058 2560 3125 sublimis
2625 3060 2817 3127 vitae.
2852 3060 3285 3127 instabilitati

473 3164 874 3248 praefertur,
917 3162 1116 3245 plane
1161 3162 1601 3229 imitationem
1646 3162 1933 3245 Horatii,
1998 3162 2112 3245 qui
2164 3166 2336 3229 hanc
2393 3147 2809 3244 potissimum
2875 3163 3279 3229 sententiam

476 3268 838 3350 adamavit,
893 3264 1216 3347 indicant,
1279 3266 1348 3331 id
1417 3268 1590 3347 quod
1654 3266 1784 3331 iam
1830 3285 1870 3331 a
1918 3266 2217 3333 Torkfllo
2275 3267 2547 3333 Badeno
2615 3270 2683 3331 et
2745 3266 3084 3352 Zingerlio
3130 3288 3276 3351 per·

475 3377 776 3456 spectum
824 3378 892 3437 et
941 3389 1069 3436 uno
1128 3369 1430 3437 alterove
1496 3370 1794 3452 exemplo
1859 3370 2273 3437 illustratum
2344 3377 2467 3439 est.
2529 3369 2843 3452 Inprimis
2908 3371 3055 3456 ipsa
3100 3374 3281 3439 vitae

477 3497 624 3544 cum
668 3474 1100 3559 navigatione
1148 3472 1552 3556 comparatio
1588 3490 1706 3539 nos
1738 3479 2077 3555 tamquam
2122 3474 2400 3542 adducit
2444 3476 2529 3540 ad
2574 3474 2841 3540 Horatii
2888 3493 3155 3544 carmen
3193 3476 3283 3545 11.
3383 3501 3390 3507 ·

478 3585 562 3649 10
605 3584 860 3647 Rectius
922 3582 1110 3659 vives,
1175 3577 1406 3659 Licini,
1464 3601 1653 3663 neque
1715 3577 1911 3641 altam
1959 3582 2083 3643 etc.
2151 3582 2221 3643 et
2287 3578 2357 3643 in
2419 3577 2550 3643 fine
2616 3578 2924 3646 carminis
2991 3581 3285 3647 eiusdem

474 3706 535 3753 v.
582 3688 842 3753 22—24
873 3686 1192 3769 sapienter
1219 3684 1386 3747 idem
1415 3720 1502 3729 —
1532 3683 1857 3747 contrahes
1886 3692 2059 3747 vento
2089 3684 2360 3747 nimiwm
2387 3683 2650 3747 secundo
2702 3720 2775 3731 ·-
2828 3686 3085 3771 turqida
3130 3685 3285 3750 vela.

478 3789 761 3856 Constat
805 3793 1029 3855 autem
1075 3786 1425 3853 materiam
1471 3785 1713 3868 prioris
1759 3784 1976 3867 partis
2026 3785 2271 3852 cantici
2316 3786 2399 3851 ab
2444 3785 2637 3852 initio
2684 3806 2893 3868 usque
2943 3790 3029 3853 ad
3056 3808 3119 3856 v.
3140 3792 3288 3872 891,

397 3949 401 3953 .
477 3892 756 3959 alterius
830 3892 1048 3974 partis
1122 3910 1334 3972 usque
1391 3892 1475 3957 ad
1551 3910 1644 3959 v.¹
1689 3891 1836 3973 908,
1916 3890 2028 3956 ubi
2102 3892 2185 3955 de
2263 3909 2423 3957 casu
2471 3890 2756 3957 Daedali
2830 3892 3105 3973 eiusque
3170 3892 3293 3960 filii

478 3996 658 4064 Icari
716 4002 918 4079 poeta
995 3997 1197 4077 canit,
1274 4014 1358 4065 ex
1417 3994 1635 4061 tribus
1701 3994 2103 4061 carminibus
2138 3994 2554 4063 ‘Horatianis
2617 3996 2898 4077 petitam
2962 4014 3109 4063 esse
3174 3996 3291 4081 ita,

479 4110 556 4167 ut
596 4119 660 4168 v.
725 4100 1072 4167 892—898
1141 4098 1471 4181 (Gnosium
1533 4120 1734 4182 reyem
1777 4102 2001 4163 timens
2066 4148 2080 4163 .
2119 4149 2133 4164 .
2168 4148 2181 4162 .
2242 4122 2461 4163 nomen
2524 4102 2763 4185 eripuit
2808 4100 3040 4184 frete.)
3115 4100 3294 4169 Icari

477 4210 756 4271 mortem
835 4208 1194 4273 narrantes
1266 4222 1349 4269 ex
1431 4203 1593 4270 Hor.
1658 4202 1778 4271 IV.
1838 4206 1901 4269 2.
1965 4205 2137 4269 2—4
2224 4203 2389 4289 (Iule
2460 4207 2691 4269 ceratis
2764 4228 2879 4290 ope
2950 4205 3291 4271 Daedalea

478 4346 564 4359 —-·
605 4309 834 4375 nititur
890 4308 1120 4393 pennis
1163 4309 1358 4376 vitreo
1403 4308 1677 4371 daturus
1741 4345 1827 4355 —
1883 4309 2145 4371 nomina
2196 4312 2443 4393 ponto),
2490 4308 2605 4389 qui
2648 4310 2873 4374 autem
2916 4315 3295 4389 sequuntur

479 4431 718 4481 versus
783 4413 1132 4481 899—905
1208 4411 1506 4498 (callidus
1577 4410 1850 4476 medium
1919 4430 2107 4475 sene-‘c
2157 4458 2171 4473 .
2220 4459 2233 4472 .
2268 4460 2283 4477 .
2318 4458 2335 4475 .
2414 4412 2663 4499 conliyit
2708 4413 2895 4498 fetus
2968 4415 3137 4499 avis)
3208 4416 3293 4483 ad

476 4518 874 4587 Daedalum·
934 4518 1356 4599 pertinentes
1407 4534 1538 4583 'ex
1619 4516 1784 4583 Hor.
1886 4514 1941 4583 I.
2046 4519 2105 4583 3.
2201 4518 2462 4583 34—35
2572 4517 2931 4604 (Expertus
3028 4540 3296 4583 vacuam

479 4622 812 4686 Daedalus
873 4644 1030 4685 aera
1089 4658 1177 4669 —
1232 4621 1458 4707 pennis
1532 4643 1656 4687 non
1720 4622 1963 4687 homini
2024 4621 2242 4704 datie),
2324 4621 2609 4702 denique
2660 4624 2993 4704 'postremi
3058 4640 3296 4692 Versus

481 4727 826 4797 906-2908
861 4725 1078 4811 (donec
1106 4726 1176 4791 in
1194 4736 1390 4811 ponto
1419 4748 1647 4791 manus
1678 4752 1762 4773 ὲ·-
1795 4724 2085 4811 compede
2114 4724 2384 4791 audacis
2410 4723 2579 4811 viae)
2626 4744 2864 4792 rursus
2910 4729 2998 4793 ad
3028 4725 3294 4794 Icarum

479 4828 924 4913 respicientes
989 4848 1073 4897 ex
1117 4830 1282 4897 Hor.
1350 4828 1441 4897 IL
1488 4830 1593 4897 20.
1643 4832 1724 4897 13
1793 4831 1926 4897 iam
1994 4828 2319 4895 Daedaleo
2383 4830 2583 4894 tutior
2624 4829 2809 4897 Icaro
2876 4837 3008 4896 etc.
3072 4831 3299 4896 adum·-
