3759 5400
1644 199 2071 261 *31-

462 372 644 438 brati
690 371 844 438 sint.
890 370 1132 452 Itaque
1168 370 1239 435 in
1271 369 1580 436 versibus
1613 369 1858 434 cantici
1891 371 2237 434 882--910
2269 369 2550 436 materia
2579 369 3019 451 pulcherrime
3051 370 3269 450 distri-

456 478 622 542 buta
669 479 801 541 est:
849 493 1106 543 ¹versus
1163 475 1504 540 882-891
1556 473 1747 553 quasi
1792 471 1862 537 in
1910 472 2129 554 capite
2174 472 2383 538 totius
2448 473 2694 538 cantici
2755 472 3121 556 principem
3186 475 3271 539 de

453 579 722 645 fortuna
741 579 956 645 media
973 578 1341 645 sublimiori
1358 575 1802 659 praeferenda
1831 575 2233 643 sententiam
2254 577 2521 660 habent,
2554 576 2865 644 versibus
2900 579 3026 644 892
3042 579 3266 660 -908,

457 702 585 765 quo
633 701 796 750 casu
842 682 1100 750 animus
1149 681 1430 748 mediam
1477 685 1722 746 sortem
1782 699 2105 763 spernens
2152 680 2597 762 maioremque
2668 685 2991 763 appetens
3039 681 3267 762 adfligi

459 787 692 869 possit,
741 787 1044 868 exemplo
1076 785 1363 866 Daedali
1394 788 1480 850 et
1509 784 1690 850 Icari
1718 785 2125 868 iHustratur,
2172 784 2457 866 denique
2487 785 2797 852 versibus
2828 785 2992 851 iusti
3024 785 3268 851 cantici

459 890 704 957 ultimis
754 891 1102 956 909—910
1132 889 1440 974 quidquid
1470 891 1730 952 oaecessit
1761 889 2010 952 modum
2042 925 2128 936 -
2148 890 2377 974 pendet
2407 888 2695 954 instabili
2737 889 2983 955 Zocoad
3016 889 3267 971 superi-

459 1013 639 1060 orem
685 993 1089 1060 sententiam
1136 994 1335 1075 poeta
1399 993 1784 1060 revertitur.
1849 992 2248 1074 Exemplum
2312 997 2534 1058 autem
2597 993 2812 1075 ipsum
2856 993 3266 1076 tripertitum

2748 1097 2811 1162 A
2986 1097 3043 1162 B
3204 1098 3266 1162 A

460 1177 609 1224 esse
659 1177 865 1241 supra
911 1159 1364 1224 demonstravi
1411 1157 1527 1238 ita,
1592 1160 1667 1222 ut
1711 1157 1881 1222 hanc
1946 1149 2306 1222 habeamus
2352 1156 2651 1222 formam:
2740 1183 3267 1283 Ξ--ῒ--Ἑ

662 1323 757 1389 Ut
803 1341 963 1388 vero
1014 1324 1096 1388 ad
1143 1322 1410 1406 singula
1454 1321 1844 1386 imitationis
1876 1321 2169 1405 vestigia
2213 1322 2588 1406 aggrediar,
2638 1341 2735 1405 ea,
2783 1341 2953 1403 quae
3000 1322 3263 1388 maioris

455 1425 780 1493 momenti
811 1429 991 1511 sunt,
1037 1425 1169 1491 iam
1200 1445 1406 1508 supra
1438 1425 1638 1491 attuli
1684 1425 1915 1506 itaque
1948 1430 2185 1508 restat,
2233 1430 2308 1491 ut
2339 1425 2594 1492 minora
2625 1428 2991 1492 ostendam.
3040 1429 3262 1507 Atque

455 1533 540 1596 ad
584 1551 648 1598 v.
697 1533 824 1597 886
869 1530 941 1595 in
987 1529 1478 1612 comparatione
1524 1530 1709 1595 vitae
1755 1548 1902 1594 cum
1935 1530 2366 1613 navigatione
2398 1533 2635 1616 spiritu
2666 1540 2971 1594 antennae
3001 1540 3263 1594 tremant

453 1636 583 1700 iam
629 1633 1009 1717 Zingerlius
1059 1633 1341 1699 contulit
1385 1634 1544 1699 Hor.
1589 1634 1642 1698 Ι.
1692 1637 1794 1699 14.
1841 1637 1880 1698 6
1941 1645 2359 1720 antemnaeque
2385 1643 2650 1718 qemunt,
2702 1652 2893 1715 quem
2938 1637 3018 1700 ob
3050 1634 3263 1700 locum

453 1744 630 1805 teste
676 1738 949 1804 Badeno
996 1736 1280 1803 Iacobus
1329 1739 1409 1803 de
1454 1738 1683 1803 Rhoer
1726 1738 1878 1803 Ter.
1929 1738 2257 1804 Daventr.
2305 1758 2367 1821 p.
2410 1741 2497 1802 45
2539 1751 2783 1816 qemant
2838 1739 3040 1804 etiam
3087 1741 3263 1820 apud

457 1843 782 1909 Senecam
822 1860 1070 1924 ponere
1119 1842 1352 1925 voluit,
1399 1843 1518 1907 sed
1559 1840 1749 1926 falso,
1799 1841 2108 1925 quoniam
2154 1844 2332 1924 apud
2376 1843 2590 1924 ipsum
2646 1841 2966 1908 Senecam
3008 1842 3261 1907 Phaed.

455 1949 580 2012 316
625 1947 774 2010 dum
823 1957 1090 2010 tremunt
1135 1969 1287 2010 aoees
1346 1949 1638 2034 9⁷·aviore
1700 1969 1894 2009 curru
1940 1947 2242 2029 legimus.
2308 1945 2561 2012 Versus
2620 1948 2962 2011 887—889
3010 1945 3162 2010 lenis
3204 1956 3262 2008 ct

453 2051 688 2115 modice
694 2051 900 2134 fluens
917 2073 1189 2114 -aura
1217 2074 1326 2115 ‘nec
1350 2073 1596 2136 veryens
1631 2050 1794 2114 latus
1811 2087 1898 2097 —
1918 2051 2104 2114 ducat
2133 2050 2515 2136 intrepidam
2544 2062 2746 2114 ratem
2776 2053 2912 2115 tam
2944 2055 3259 2116 accurate

262 2152 386 2258 2?
456 2155 709 2221 Seneca
757 2174 841 2221 ex
897 2156 1057 2221 Hor.
1103 2156 1231 2222 III.
1265 2159 1400 2242 *84
1429 2159 1687 2221 62-65
1721 2155 2107 2238 desumpsit,
2154 2161 2231 2220 ut
2260 2155 2590 2221 vocabula
2618 2179 2807 2236 aura,
2851 2163 3038 2230 rates,
3072 2156 3258 2217 intre-

444 2261 644 2344 pidus
690 2259 800 2327 vel
829 2277 1108 2341 prorsus
1140 2261 1408 2342 integra
1438 2260 1547 2327 vel
1576 2260 1776 2342 paulo
1821 2259 2167 2325 immutata
2196 2260 2550 2328 retineret:
2605 2259 2763 2323 Tam
2792 2282 2888 2322 me
2917 2261 3261 2324 biremis

446 2364 775 2448 praesidio
821 2367 1178 2445 scaphae
1207 2401 1294 2410 —
1321 2374 1524 2426 tutum
1544 2387 1664 2450 per
1696 2363 1979 2447 Aeqaeos
2009 2365 2311 2428 tumultus
2340 2403 2421 2410 —
2444 2365 2845 2450 awaferet
2863 2365 3261 2450 qeminusque

455 2464 718 2548 Pollam
765 2466 1000 2533 similis
1045 2467 1232 2532 locus
1281 2471 1386 2532 est
1432 2467 1592 2533 Hor.
1637 2467 1729 2534 ΙΙ.
1779 2469 1879 2533 10.
1928 2470 2009 2533 23
2057 2469 2383 2532 contrahes
2444 2479 2621 2532 vento
2666 2469 2935 2532 nimium
2996 2467 3257 2530 secundo

452 2607 537 2616 —-
582 2571 840 2656 turyida
895 2571 1052 2636 vela.
1101 2571 1254 2638 Una
1298 2589 1464 2637 voce
1510 2576 1778 2637 retenta
1821 2571 2258 2638 imitationem
2303 2572 2743 2638 Horatianam
2800 2569 3255 2653 deprehendas

447 2675 515 2740 in
560 2695 624 2742 V.
673 2677 1014 2742 890-891
1063 2683 1204 2740 tuta
1247 2700 1341 2741 me
1386 2679 1672 2743 media
1713 2678 1896 2741 vehat
1942 2714 2028 2724 —
2073 2681 2205 2742 vita
2252 2677 2580 2741 decurrens
2626 2679 2734 2741 via
2802 2674 3047 2741 collato
3089 2672 3251 2740 Hor.

446 2780 535 2845 Π.
587 2782 686 2846 10.
732 2784 774 2845 5
825 2780 1099 2844 Auream
1143 2784 1427 2866 quisquis
1469 2784 2131 2849 mediocritatmn
2174 2786 2302 2847 etc.
2349 2782 2619 2847 Pariter
2672 2800 2733 2847 V.
2780 2782 2907 2845 896
2952 2801 3029 2843 ac
3052 2778 3257 2863 falsis

445 2885 631 2948 nimis
675 2922 762 2933 —-
819 2887 1093 2972 imperat
1127 2889 1351 2971 pinnis
1390 2911 1552 2972 puer
1614 2888 1893 2971 respicit
1948 2892 2032 2955 ad
2077 2890 2237 2955 Hor.
2281 2887 2369 2953 II.
2418 2891 2477 2953 2.
2522 2890 2561 2952 7
2630 2887 2810 2951 illum
2872 2896 3013 2973 ayet
3044 2908 3255 2970 penna

443 2999 741 3052 metuente
784 2990 959 3067 solvi,
1027 3008 1199 3071 quae
1261 2993 1468 3056 verba
1530 2992 1987 3059 verisimiliter
2048 2994 2134 3057 ad
2182 3010 2405 3057 casum
2470 2991 2657 3056 illum
2698 2989 2879 3056 Icari
2924 2993 3253 3072 spectant.

444 3090 789 3155 Postremo
841 3094 1166 3158 adnotare
1230 3094 1390 3158 mihi
1433 3094 1636 3160 liceat
1707 3098 1790 3161 ad
1837 3116 1900 3162 v.
1950 3098 2074 3161 898
2120 3118 2341 3159 nomen
2392 3097 2627 3180 eripuit
2654 3094 2839 3181 freto
2900 3092 3255 3160 Horatium

415 3194 529 3257 de
578 3195 806 3289 eadem
853 3213 948 3277 re,
1011 3198 1134 3261 sed
1196 3196 1609 3263 adfirmantis
1674 3201 1863 3264 modo
1932 3199 2261 3264 dicentem
2325 3198 2645 3265 cecinisse
2690 3197 2810 3264 IV.
2869 3200 2927 3263 2.
2969 3201 3013 3261 4
3056 3199 3253 3261 vitreo

448 3298 718 3362 daturus
758 3290 1014 3365 ‘nomina
1050 3312 1262 3387 ponto,
1314 3320 1507 3382 quem
1573 3303 1790 3368 locum
1851 3303 1983 3369 iam
2026 3302 2405 3387 Zingerlius
2470 3302 2717 3369 attulit.
2762 3302 3021 3385 Totam,
3085 3319 3252 3381 quae

445 3401 550 3467 his
599 3403 986 3469 continetur
1014 3404 1347 3489 versibuS,
1379 3406 1814 3473 imitationem
1845 3406 2081 3473 melius
2112 3407 2476 3489 perspicies
2510 3405 2869 3488 adscriptis
2900 3404 3249 3485 utriusque

447 3511 686 3587 poetae
734 3507 928 3573 locis:
2434 3546 2441 3558 ·

1447 3601 1481 3661 1
2496 3602 2535 3664 3
2886 3599 2923 3660 2

643 3680 813 3745 Hor.-
851 3679 967 3747 IV.
1018 3684 1074 3745 2.
1109 3684 1292 3795 ,2-4
1339 3686 1642 3749 ceratis
1688 3706 1801 3769 ope
1849 3676 2175 3750 Daedalea
2222 3723 2306 3733 —
2351 3688 2664 3751 nititur
2693 3685 3010 3763 pemmts
3052 3684 3246 3748 vitreo

437 3769 794 3919 daug-us
838 3892 924 3900 —
967 3772 1328 3936 ηοΐηήίηα
1359 3775 1640 3937 ponzo.

649 4024 800 4091 Sen.
848 4028 1194 4093 896-898
1226 3948 1493 4112 salitis
1536 4033 1731 4095 nimis
1768 4069 1836 4078 —
1875 3948 2242 4112 imgerat
2257 3948 2565 4112 pimini-3
2596 4053 2787 4116 puer,
2823 4068 2904 4075 —
2935 3946 3245 4094 no4men

438 4113 751 4277 em'Zwuit
795 4118 1042 4283 frito.

1671 4289 2015 4399 Oedipus
2148 4300 2151 4305 ’

825 4458 930 4528 V.
980 4460 1452 4529 canticum
1501 4418 2197 4547 anapaestioum
2245 4482 2325 4529 v.
2375 4463 2853 4531 980—997.

636 4626 718 4694 In
764 4614 888 4696 lioc
938 4628 1219 4717 cantico,
1268 4650 1395 4715 quo
1442 4634 1708 4700 nimiam
1752 4635 1897 4718 fati,
1945 4636 2053 4701 cui
2086 4636 2216 4718 ipsi
2248 4636 2338 4701 dii
2371 4635 2658 4702 subiecti
2688 4630 2842 4720 sint,
2873 4636 3269 4717 potentiam·

434 4732 674 4798 chorus
712 4732 939 4837 effert,
985 4742 1346 4804 occurrunt
1391 4741 1770 4805 sententiae
1818 4758 2047 4806 earum
2096 4741 2366 4823 similes,
2412 4758 2576 4821 quas
2622 4738 2947 4806 Horatius
2993 4738 3239 4821 ubique

430 4838 510 4901 de
556 4837 858 4904 vanitate
905 4844 1126 4907 rerum'
1155 4843 1609 4910 humanarum
1656 4863 1739 4909 ex
1786 4844 2141 4927 disciplina
2172 4844 2544 4912 Stoicorum
2577 4847 2815 4912 docere
2862 4845 3050 4911 solet.
3096 4845 3237 4911 Iam
