3759 5400
1707 187 2137 250 ...32-

517 357 583 423 in
630 356 858 439 primis
907 357 1152 423 cantici
1197 357 1504 424 versibus
1552 360 1898 423 981—982
1943 380 2068 422 non
2096 357 2398 424 sollicitae
2431 372 2699 444 possunt
2744 384 2932 424 curae
2968 395 3047 408 —-
3077 371 3321 424 mutare
3360 436 3365 442 ,

513 464 689 527 rati
731 464 1106 526 stasm‘e‘sna
1133 464 1326 545 fusi
1395 462 1670 527 eandem
1717 460 2089 529 invenimus
2138 463 2697 544 comparationem
2760 483 2956 544 quam
3000 481 3323 544 nusquam

516 564 675 629 alibi
737 564 868 631 nisi
931 568 1116 648 epod.
1171 569 1269 632 13.
1336 569 1418 632 15
1479 567 1642 630 unde
1705 567 1828 630 tibi
1885 568 2161 631 reditum
2220 577 2435 632 certo
2496 570 2961 634 subtemme
3000 572 3327 636 Pan-eae

513 669 836 736 Horatius
885 669 1203 736 adhibuit.
1254 669 1576 736 Versibus
1611 675 1852 752 autem,
1886 671 1999 751 qui
2031 676 2423 753 sequuntur,
2448 676 2518 738 et
2548 677 2823 754 propter
2850 672 3129 738 similem
3175 691 3322 738 sen-

514 773 796 839 tentiam
843 778 913 838 et
959 775 1039 839 ob
1104 773 1276 839 idem
1323 773 1720 840 vocabulum
1773 773 2141 841 adhibitum
2186 773 2442 841 Seneca
2488 775 2881 842 imitationis
2930 776 3323 859 coarguitur

516 878 675 943 Hor.
725 897 920 944 carm.
973 896 1145 944 saec.
1194 881 1450 943 25—28
1511 878 1744 964 Vosque
1811 901 2047 942 veraces
2111 882 2419 962 cecinisse,
2488 883 2741 960 Parcae,
2799 917 2864 928 --
2918 881 3082 965 quod
3142 878 3328 944 semel

517 983 806 1056 dictumst
867 983 1224 1067 stabilisque
1268 1005 1483 1046 rerum
1511 1021 1598 1030 --
1627 985 1930 1048 terminus
1972 991 2253 1048 servet.
2302 984 2461 1047 bona
2490 985 2623 1047 iam
2660 988 2940 1070 peractis
2972 1021 3054 1032 —-
3084 987 3321 1067 iungite

500 1088 678 1170 fata,
703 1085 781 1151 cf.
801 1085 952 1152 Sen.
975 1089 1318 1152 983—986
1339 1087 1644 1172 quidquid
1680 1088 1973 1173 patimur
2014 1086 2276 1151 mortale
2315 1111 2525 1172 qenus,
2570 1125 2657 1137 —
2702 1089 3009 1176 quidquid
3035 1089 3327 1173 facimus

517 1193 680 1256 ‘venit
725 1215 804 1255 eoe
848 1198 995 1272 acto,
1041 1228 1126 1239 —
1174 1200 1606 1272 servatque
1648 1214 1801 1255 suae
1847 1193 2093 1254 decreta
2137 1192 2307 1256 colus
2349 1230 2436 1238 —
2481 1192 2777 1256 Lachesis
2829 1191 3003 1257 nulla
3044 1191 3327 1255 revoluta

519 1319 734 1360 manu.
781 1295 889 1361 Ad
936 1315 996 1361 v.
1044 1297 1170 1361 989
1215 1319 1337 1358 non
1383 1296 1494 1358 illa
1541 1295 1652 1359 deo
1697 1299 1954 1359 vertisse
2002 1295 2138 1359 licet
2185 1295 2473 1362 conferri
2519 1301 2745 1378 potest
2790 1295 3058 1362 Horatii
3118 1296 3324 1377 locuS,

515 1400 629 1465 ubi
676 1401 906 1465 eodem
951 1416 1175 1482 sensu,
1242 1398 1542 1480 quamvis
1610 1400 1691 1464 de
1737 1398 1871 1464 alia
1916 1417 2011 1481 re,
2080 1399 2242 1464 dicit
2288 1399 2451 1465 haec
2496 1398 2625 1466 III.
2693 1403 2795 1466 29.
2844 1405 2929 1466 45
2976 1418 3117 1481 sqq.
3178 1398 3327 1463 Non

521 1515 724 1568 tamen
769 1505 1036 1567 inritum
1087 1540 1160 1550 —
1211 1503 1632 1588 quodcumque
1674 1514 1917 1584 retrost,
1964 1503 2197 1587 efficiet
2238 1525 2431 1588 neque
2459 1541 2544 1552 -—
2584 1504 2865 1590 dfffinqet
2910 1505 3326 1590 infectumque

515 1608 743 1683 reddet,
802 1643 868 1655 —
923 1608 1086 1694 quod
1111 1609 1379 1693 fuqiens
1425 1607 1608 1672 semel
1653 1609 1808 1670 hora
1853 1609 2037 1671 vexit.
2082 1606 2267 1674 Idem
2316 1625 2574 1691 sensuS,
2624 1607 2737 1688 qui
2766 1607 3079 1677 versibus
3111 1611 3325 1674 991—

514 1713 640 1776 992
687 1714 737 1776 it
783 1714 1004 1796 cuique
1078 1722 1264 1775 ratus
1315 1735 1504 1796 prece
1548 1733 1673 1776 non
1717 1711 1850 1776 ulla
1901 1749 1984 1759 —
2029 1709 2273 1776 mobilis
2334 1712 2487 1775 ordo
2550 1730 2591 1777 a
2637 1711 2894 1778 Seneca
2957 1715 3153 1778 datus
3202 1718 3325 1781 est.

514 1816 1036 1898 deprehenditur
1081 1816 1151 1882 in
1199 1815 1536 1898 epithetis,
1608 1834 1779 1896 quae
1844 1815 2059 1882 indita
2123 1819 2281 1881 sunt
2334 1815 2568 1881 Parcis
2634 1816 2716 1880 ab
2765 1817 3047 1883 Horatio
3116 1818 3325 1883 veluti

512 1920 600 1985 II.
648 1925 706 1986 6.
739 1924 776 1985 9
807 1921 970 1986 unde
1015 1921 1075 1984 si
1105 1921 1353 1984 Parcae
1369 1919 1704 2006 prohibent
1748 1922 2125 2000 miquae,
2170 1918 2258 1985 II.
2308 1923 2389 1984 16
2437 1923 2519 1985 39
2554 1920 2765 1983 Parca
2807 1943 2930 1984 non
2959 1926 3327 1988 mendam

513 2029 659 2106 etc„
707 2043 904 2090 carm.
951 2042 1124 2090 saec.
1171 2027 1254 2089 25
1321 2046 1550 2109 nosque
1593 2043 1921 2089 veraces
1984 2025 2271 2088 cecinisse
2316 2025 2579 2090 Parcae.
2644 2023 2975 2091 Versuum
3037 2027 3324 2107 denique

514 2131 859 2195 992—904
907 2129 1120 2192 multis
1165 2132 1376 2215 ipsum
1418 2130 1708 2192 metuisse
1753 2141 1938 2210 nocet,
1982 2128 2167 2191 multi
2195 2129 2279 2191 ad
2308 2129 2535 2213 fatum
2567 2165 2649 2176 —-
2680 2152 2899 2192 venere
2942 2153 3127 2194 suum
3172 2132 3319 2194 dum

495 2235 658 2315 fata
701 2234 916 2296 timent
961 2233 1212 2298 similes
1265 2237 1537 2299 exstant
1585 2235 1760 2316 apud
1793 2233 2146 2299 Horatium
2194 2234 2280 2298 ad
2311 2237 2587 2299 mortem
2618 2234 3060 2316 respicientes
3093 2235 3181 2299 II.
3222 2239 3321 2301 13.

517 2339 772 2403 13-14
841 2336 1028 2422 (quid
1071 2340 1328 2422 quisque
1372 2341 1542 2412 vitet,
1590 2360 1929 2424 numquam
1974 2338 2217 2401 homini
2258 2340 2421 2401 satis
2463 2375 2550 2384 —
2594 2349 2903 2401 cautumst
2964 2341 3031 2402 in
3078 2341 3324 2422 horas),

513 2440 666 2506 ibid.
712 2443 970 2507 19-20
1017 2441 1155 2526 (sed
1199 2445 1544 2528 improvisa
1593 2443 1700 2506 leti
1726 2445 1926 2506 -vis
1968 2443 2192 2527 rapuit
2221 2443 2545 2528 rapietque
2568 2441 2805 2527 qentes)
2824 2467 2851 2526 ;
2896 2442 2985 2510 II.
3019 2446 3119 2508 14.
3153 2447 3325 2508 2-4

513 2547 658 2631 (ηοη
708 2549 922 2631 pietas
981 2569 1228 2610 moram
1280 2584 1353 2596 --
1419 2550 1598 2631 ruqis
1661 2559 1721 2610 et
1787 2548 2053 2610 instanti
2114 2559 2380 2611 senectae
2430 2585 2512 2595 —
2555 2547 2808 2631 adferet
2869 2548 3327 2631 indomitaeque

515 2650 751 2735 morti),
791 2650 953 2717 ibid.
1003 2653 1257 2717 15—16
1307 2651 1588 2737 (frustra
1611 2675 1731 2737 per
1763 2662 2096 2715 autumnos
2127 2661 2436 2717 nocentem
2481 2686 2567 2696 —
2613 2652 3029 2737 corporibus),
3076 2651 3167 2718 Π.
3217 2655 3363 2719 16.-

516 2758 772 2821 17-20
816 2757 971 2841 quid
1015 2756 1188 2820 brevi
1208 2756 1412 2839 fortes
1454 2756 1812 2819 iaculamur
1859 2778 2005 2819 aevo
2037 2793 2123 2803 —-
2152 2754 2397 2818 multa?
2453 2754 2627 2829 Quid
2667 2765 2873 2819 terras
2902 2755 3032 2820 alio
3062 2757 3327 2821 calentes

514 2897 596 2908 —-
640 2861 764 2932 sole
808 2862 1174 2925 mutamus?
1234 2859 1346 2945 (cf.
1413 2859 1564 2925 Sen.
1612 2880 1672 2926 V.
1721 2862 2117 2944 993—994).
2190 2860 2451 2923 Patriae
2510 2859 2653 2944 quis
2718 2860 2897 2923 eoesul
2962 2884 3026 2925 se
3090 2884 3321 2947 quoque

493 2966 722 3050 sapit?
769 2968 841 3029 et
883 2965 1059 3031 idem
1105 2982 1343 3030 sensus
1392 2969 1586 3045 tropo
1650 2969 1888 3030 auctus
1947 2963 2076 3029 III.
2131 2967 2185 3027 1.
2232 2965 2493 3028 37-40
2528 2962 2687 3027 -Sed
2742 2962 2955 3028 Timor
3001 2976 3059 3028 et
3105 2966 3319 3034 Minae

513 3106 596 3117 -
642 3070 948 3135 scandunt
991 3070 1200 3133 eodem
1247 3119 1516 3135 .....
1564 3093 1683 3154 quo
1727 3070 2034 3146 dominus,
2105 3092 2297 3154 neque
2343 3106 2427 3117 --
2471 3069 2711 3133 decedit
2772 3080 2991 3133 aerata
3080 3070 3325 3133 triremi

515 3184 570 3238 et
622 3211 695 3223 --
738 3182 886 3258 post
933 3173 1190 3258 equitem·
1237 3174 1402 3237 sedet
1447 3186 1590 3237 atra
1639 3198 1810 3249 eura,
1878 3174 2117 3254 quibus
2186 3192 2269 3239 ex
2314 3172 2671 3239 sententiis
2718 3178 3054 3254 tamquam
3101 3173 3324 3238 causis

515 3279 822 3345 oriuntur
865 3276 1044 3359 apud
1090 3277 1447 3343 Horatium
1491 3279 1644 3344 hae:
1708 3278 1760 3343 I.
1813 3282 1870 3343 9.
1918 3282 1957 3343 9
1995 3279 2285 3363 permitte
2348 3278 2516 3341 divis
2560 3289 2762 3341 cetera
2771 3303 2797 3360 ‚⁰
2865 3277 2955 3342 II.
3006 3280 3105 3341 11.
3153 3280 3325 3342 3-4

516 3384 800 3447 remittas
847 3419 932 3430 —
978 3404 1276 3467 quaerere
1318 3404 1426 3445 nec
1479 3384 1752 3467 trepides
1806 3386 1875 3446 in
1919 3406 2099 3447 usum
2148 3384 2462 3468 poscentis
2524 3384 2671 3447 aevi
2704 3403 2916 3467 pauca
2924 3405 2952 3461 ‚·
3016 3384 3067 3449 Ι.
3134 3385 3233 3445 11.
3283 3384 3320 3443 8

514 3510 700 3575 carpe
744 3488 900 3551 diem
912 3512 938 3566 ‚·
1001 3486 1127 3553 ΠΙ.
1182 3490 1240 3551 8.
1286 3489 1542 3552 27—28
1607 3488 1774 3551 dona
1833 3491 2181 3571 praesentis
2244 3510 2395 3572 cape
2470 3486 2668 3549 laetus
2731 3488 2941 3569 horae,
2986 3522 3073 3533 —
3120 3486 3322 3569 linque

514 3616 750 3657 severa.

1555 3798 1673 3880 VI.
1731 3797 2279 3907 Agamemnon.

974 4008 1032 4073 Ι.
1083 4008 1554 4077 canticum
1599 4007 2294 4091 anapaestioum
2339 4024 2420 4071 v.
2468 4005 2859 4073 57—107.

724 4198 1050 4265 Naturam
1093 4198 1292 4265 huius
1342 4198 1585 4264 cantici
1618 4200 1785 4263 bene
1815 4196 2138 4280 perspicit
2167 4195 2545 4280 Zingerlius
2594 4196 2633 4260 1.
2669 4213 2723 4259 c.
2757 4214 2815 4276 p.
2851 4197 2931 4259 16
2964 4194 3320 4259 adfirmans

517 4302 794 4370 maxime
830 4322 912 4369 ex
943 4304 1073 4371 fine
1094 4304 1399 4388 intellegi
1419 4322 1634 4387 posse,
1667 4305 1842 4370 unde
1862 4301 2121 4368 Seneca
2138 4301 2483 4367 materiam
2514 4298 2901 4382 sumpserit:
2937 4318 3018 4363 ex
3038 4298 3196 4364 Hor.
3227 4297 3319 4364 II.

518 4411 616 4475 10.
648 4408 781 4475 Sed
812 4409 1018 4475 multo
1052 4408 1542 4476 memorabilius
1576 4413 1698 4491 est,
1741 4409 1914 4489 quod
1946 4409 2263 4473 Annaeus
2296 4407 2380 4471 ad
2426 4404 2725 4489 singulas
2774 4404 3103 4485 strophas,
3152 4422 3315 4484 quas

515 4514 836 4596 Peiperus
885 4517 954 4579 et
982 4512 1342 4579 Richterus
1374 4513 1444 4580 in
1475 4512 1767 4579 editione
1801 4530 1925 4578 sua
1957 4510 2473 4592 constituerunt,
2515 4508 3001 4591 componendas
3034 4507 3318 4590 singulis

517 4618 919 4687 carminibus
983 4618 1249 4685 Horatii
1324 4636 1485 4683 usus
1551 4620 1656 4683 est
1719 4616 1835 4699 ita,
1900 4620 1978 4682 ut
2037 4615 2107 4681 in
2169 4632 2407 4681 versus
2474 4614 2731 4678 57-63
2800 4611 3011 4677 totius
3076 4610 3320 4677 cantici

517 4728 981 4806 argumentum
1027 4742 1111 4789 ex
1137 4723 1300 4790 Hor.
1333 4741 1529 4789 carm.
1576 4722 1666 4789 II.
1714 4724 1798 4788 10
1829 4722 2295 4788 adumbratum
2325 4725 2661 4799 tamquam
2681 4715 2761 4805 ⁴in
2791 4734 2993 4782 unum
3026 4719 3319 4799 cogeret,

517 4846 654 4894 rem
702 4847 784 4893 ex
829 4827 980 4894 aliis
1027 4827 1429 4895 carminibus
1479 4826 1895 4910 depingeret,
1958 4825 2028 4891 in
2092 4824 2301 4889 medio
2350 4822 2489 4888 fere
2555 4821 2817 4887 cantico
2864 4822 3120 4886 90—97
3168 4837 3317 4885 sen-
