3759 5400
1679 218 2107 280 —12-

490 390 823 476 Mycenis).
875 388 1118 456 Similis
1180 393 1284 454 est
1345 388 1452 452 hic
1519 407 1778 468 quoque
1842 388 2029 453 locus
2084 388 2245 454 Hor.
2306 387 2423 452 IV.
2494 390 2551 454 2.
2619 391 2704 454 34
2764 407 2857 468 sq.
2940 387 3290 469 Caesarem,

485 494 849 580 quandoque
937 494 1143 558 trahet
1213 493 1488 578 feroces·
1544 529 1630 540 --
1693 515 1818 579 per
1900 514 2148 558 sacrum
2240 491 2469 554 clivum
2559 493 2814 558 decorus
2904 531 2977 540 --
3041 494 3287 578 fronde

485 597 641 684 Siga
647 599 864 662 mbr-03.
876 662 886 670 ,

693 701 919 768 Etiam
965 701 1320 766 verborum
1367 699 1899 768 coniunctionem
1946 719 2029 766 ex
2072 701 2462 768 Horatianis
2508 700 2577 766 in
2630 701 2754 766 hoc
2802 701 3063 767 cantico
3123 702 3293 768 hanc

493 805 916 872 adumbravit
962 804 1243 870 Seneca:
1287 803 1359 870 in
1404 824 1464 870 v.
1511 806 1613 886 70,
1661 803 1777 870 ubi
1821 805 2137 890 thyyius
2182 807 2401 890 hospes
2448 807 2865 886 desumptum
2896 805 3165 872 videtur
3210 823 3295 872 ex

491 910 654 976 Hor.
699 909 826 974 III.
873 912 932 974 3.
985 912 1066 974 26
1099 909 1401 994 famosus
1473 910 1688 992 hospes
1735 909 1816 973 118
1863 910 2089 976 80118111
2136 909 2381 975 Paride
2431 907 2625 974 dicto,
2688 908 2912 974 Etiam
2974 911 3185 976 verba
3227 909 3293 975 in

489 1033 550 1079 v.
601 1017 683 1079 73
745 1017 1080 1080 nivibus
1126 1015 1419 1078 canuit
1483 1013 1595 1076 Ide
1640 1013 1996 1078 admonent
2040 1013 2204 1079 Hor.
2269 1013 2321 1078 I.
2368 1016 2425 1078 9.
2484 1016 2517 1078 1
2583 1011 2785 1095 Vides,
2852 1024 2923 1076 ut
2985 1014 3115 1077 alta
3178 1024 3293 1078 stet

485 1120 680 1183 nive
723 1120 1184 1184 candidum
1227 1151 1314 1164 -·
1359 1115 1612 1181 Soracte
1661 1121 1730 1182 et
1773 1116 1898 1181 III.
1946 1119 2047 1182 25.
2095 1118 2178 1182 10
2224 1116 2509 1180 Hebrum
2544 1118 2942 1201 prospiciens
2986 1129 3041 1182 et
3103 1121 3296 1183 ‘nive

485 1225 948 1288 candidam
1002 1222 1298 1286 Thracen.

703 1326 1090 1408 Complures
1136 1343 1333 1392 voces
1380 1324 1791 1390 Horatianas
1837 1324 2120 1389 retinuit
2166 1324 2422 1390 Seneca
2486 1324 2554 1389 in
2601 1345 2662 1392 v.
2710 1329 2792 1390 85
2840 1344 2935 1405 sq.
2969 1349 3093 1412 per
3140 1327 3295 1390 colla

407 1459 414 1464 ·
479 1431 680 1511 fluant
723 1469 810 1478 —
856 1440 1092 1494 maesta
1135 1429 1357 1514 capilli
1399 1431 1671 1510 tepido
1725 1429 1954 1492 Troiae
1998 1467 2083 1476 ——
2118 1432 2465 1510 pulvere
2494 1438 2823 1511 turpe&
2868 1429 2946 1494 cf.
2992 1429 3152 1495 Hor.
3202 1429 3291 1494 ΙΙ.

490 1539 546 1600 1.
599 1539 677 1600 21
729 1555 824 1616 sq.
869 1534 1098 1598 audire
1143 1555 1398 1620 maynos
1443 1535 1574 1596 iam
1640 1533 1856 1596 videor
1918 1533 2105 1596 duces
2148 1570 2233 1579 —
2276 1552 2451 1598 non
2510 1536 2899 1599 mdeco‘ro
2949 1538 3296 1615 pulvere

485 1641 888 1704 sordido-3.
957 1639 1282 1704 Versibus
1327 1637 1511 1702 hisce
1560 1640 1686 1701 144
1744 1637 1923 1722 felix
1987 1639 2291 1702 Priamus
2336 1675 2421 1685 —
2465 1638 2652 1702 dicite
2716 1650 2968 1704 cunctae
3035 1645 3104 1703 et
3168 1641 3292 1704 148

484 1749 553 1808 et
599 1747 724 1808 149
788 1766 909 1806 ‘non
971 1743 1074 1806 ille
1119 1746 1326 1807 duos
1386 1742 1554 1806 videt
1617 1743 1966 1807 Amas
2020 1779 2107 1788 —
2171 1765 2282 1806 ‘nec
2332 1744 2731 1824 fallacem,
2802 1745 2998 1807 cernit
3073 1743 3293 1807 Ulioeen

491 1848 746 1914 Seneca
812 1846 1264 1913 reminiscitur
1323 1845 1609 1928 Horatii,
1676 1845 1790 1911 ubi
1854 1848 1933 1911 de
1998 1845 2331 1912 Mercurio
2398 1845 2696 1926 loquitur
2754 1846 2805 1913 1.
2872 1849 2972 1912 10.
3038 1850 3293 1913 13—16

496 1951 668 2027 Quin
715 1963 771 2015 et
815 1954 1162 2018 Atridas
1207 1953 1362 2015 duce
1407 1962 1464 2014 te
1507 1952 1804 2036 superbos
1847 1989 1936 1997 —
1980 1950 2101 2014 Ilio
2145 1951 2319 2014 dives
2367 1951 2670 2015 Priamus
2713 1951 2927 2016 relicto
2982 1991 3055 2000 —
3112 1952 3294 2015 Thes·

481 2055 764 2143 ealocque
809 2060 978 2142 iynes
1025 2067 1083 2120 et
1125 2057 1346 2141 iniqua
1401 2057 1630 2122 Troiae
1659 2092 1747 2102 —
1775 2066 1989 2118 caetra
2017 2057 2345 2138 fefellit.
2392 2055 2613 2122 Versu
2644 2054 2928 2136 denique
2963 2058 3087 2121 162
3113 2055 3291 2142 felia:

481 2163 764 2247 quisquis
826 2161 974 2224 bello
1017 2163 1286 2226 moriens
1331 2171 1440 2226 etc.
1486 2157 1844 2225 Horatiani
1898 2158 2078 2225 illius
2125 2177 2361 2226 Versus
2425 2159 2551 2224 ΠΙ.
2598 2162 2654 2224 2.
2719 2162 2801 2225 13
2846 2159 3021 2224 dulce
3064 2171 3122 2223 et
3182 2160 3285 2222 de-

481 2276 751 2330 corumst
785 2288 911 2350 pro
944 2267 1176 2350 patria
1219 2267 1385 2328 mori
1427 2266 1782 2330 admonere
1830 2259 2119 2330 videtur.

1714 2471 2060 2553 Troades.

483 2683 583 2749 ΙΙ.
659 2681 1128 2749 canticum
1210 2700 1289 2746 v.
1379 2679 1810 2749 371—408
1896 2683 2195 2747 metro
2279 2679 2843 2762 asclepiadeo
2928 2680 3289 2747 minore

1495 2800 2298 2883 comprehensum.

689 2992 1013 3075 Quoniam
1058 2993 1128 3059 in
1171 2994 1295 3059 hoc
1343 2990 1603 3058 cantico
1651 2992 1911 3074 choruS,
1962 2991 2092 3074 qui,
2138 3010 2221 3057 ne
2253 2991 2597 3074 Polyxena
2628 2996 2978 3073 mactetur,
3026 2992 3283 3057 animae

485 3096 1048 3163 immortalitatem
1111 3102 1332 3179 negat,
1412 3096 1782 3163 doctrinam
1855 3096 2037 3161 1118111
2100 3095 2379 3177 Epicuri
2452 3101 2722 3185 secutus
2790 3101 2911 3179 est,
2992 3114 3122 3162 non
3184 3103 3290 3163 est

483 3201 855 3267 mirandum
903 3200 1221 3266 Senecam
1271 3200 1672 3267 sententiam
1715 3200 1826 3268 vel
1871 3200 2216 3267 materiam
2263 3201 2347 3266 ad
2377 3201 2501 3267 hoc
2534 3200 2864 3266 canticum
2896 3218 3287 3282 componen-

481 3309 637 3372 dum
683 3325 768 3371 ex
796 3304 1080 3371 Horatio
1127 3322 1388 3371 sumere
1434 3323 1564 3370 non
1610 3305 1933 3387 potuisse,
1978 3309 2335 3387 propterea
2366 3307 2541 3385 quod
2570 3305 2887 3371 Flaccum
2932 3306 3014 3371 de
3060 3306 3185 3369 hac
3218 3324 3289 3371 re

483 3411 680 3477 aliter
713 3409 1006 3475 sensisse
1029 3413 1310 3475 constat.
1341 3408 1783 3490 Praeceptum
1805 3409 1981 3474 enim
2008 3409 2173 3475 1111111
2192 3408 2475 3483 Horatii,
2511 3414 2585 3473 ut
2614 3408 2909 3473 homines
2942 3408 3104 3491 vita,
3137 3412 3289 3475 dum

477 3516 698 3599 liceat,
776 3533 922 3580 cum
989 3513 1336 3594 voluptate
1397 3511 1730 3594 fruantur,
1804 3513 1975 3578 bene
2034 3511 2367 3577 consentit
2423 3530 2566 3577 cum
2616 3530 2713 3593 ec,
2788 3515 2962 3593 quod
3008 3512 3289 3580 animam

485 3620 683 3685 etiam
730 3625 882 3701 post
943 3622 1221 3683 mortem
1282 3622 1548 3683 exstare
1612 3616 1914 3683 credidit.
1978 3613 2296 3681 Conferas
2328 3617 2410 3682 de
2469 3616 2594 3681 hac
2630 3635 2703 3682 re
2742 3617 2908 3683 satis
2958 3636 3287 3698 superque

479 3729 638 3790 nota
688 3723 853 3789 Hor.
899 3723 952 3788 I.
1012 3726 1073 3787 4.
1125 3726 1206 3786 14
1253 3739 1416 3804 sqq.,
1461 3721 1512 3787 I.
1560 3723 1660 3787 10.
1714 3721 1999 3800 17—203
2045 3720 2133 3785 Π.
2181 3723 2238 3785 3.
2280 3722 2362 3785 25
2396 3738 2555 3801 sqq.,
2601 3720 2689 3787 II.
2739 3725 2838 3787 14.
2894 3724 2972 3785 21
3028 3739 3167 3801 sqq.
3220 3727 3289 3787 et

480 3830 561 3893 37
615 3844 710 3906 sq.
766 3828 1051 3905 17—203
1111 3825 1238 3890 ΠΙ.
1304 3829 1363 3889 4.
1414 3829 1497 3889 45
1545 3843 1683 3906 sqq.
1751 3830 1818 3890 et
1883 3827 1967 3889 77
2015 3842 2154 3905 sqq.
2218 3823 2343 3889 III.
2413 3827 2513 3888 11.
2564 3826 2823 3889 21—24
2871 3829 2939 3889 et
2985 3827 3066 3889 28
3114 3844 3285 3906 sqq.;

483 3930 599 3997 IV.
646 3933 704 3995 7.
751 3932 852 3995 27.
899 3932 1001 3994 31.

686 4034 770 4101 In
817 4033 1232 4117 diversitate,
1311 4053 1481 4115 quae
1527 4035 1612 4099 ad
1657 4033 2223 4099 immortalitatem
2269 4032 2530 4099 animae
2576 4037 2856 4115 spectat,
2928 4032 3105 4099 inter
3149 4034 3284 4099 Ho-

474 4139 721 4205 ratium
767 4144 837 4205 et
883 4144 1095 4205 semet
1139 4138 1356 4221 ipsum
1401 4137 1675 4221 Seneca,
1724 4138 1839 4219 qui
1883 4137 2051 4203 alias
2100 4139 2378 4203 eandem
2422 4144 2697 4204 secutus
2746 4141 2850 4203 est
2895 4138 3283 4221 doctrinam,

479 4264 612 4311 non
675 4243 1040 4311 deterritus
1109 4251 1235 4325 est,
1304 4243 1650 4324 quominus
1715 4242 2019 4325 singulas
2083 4242 2553 4309 vocabulorum
2618 4241 3114 4309 coniunctiones
3176 4243 3284 4309 vel

478 4351 626 4433 ipsa
673 4350 1020 4415 enuntiata
1075 4351 1217 4413 tota
1263 4351 1684 4413 mutuaretur
1729 4348 1811 4413 ab
1859 4347 2161 4429 Horatio,
2227 4346 2415 4413 cuius
2478 4345 2867 4413 imitationis
2924 4344 3285 4415 'manifesta

476 4458 870 4538 argumenta
915 4456 1074 4519 sunt
1117 4454 1309 4519 haec:

681 4559 936 4625 Versus
984 4561 1110 4624 377
1175 4578 1293 4623 me
1337 4560 1486 4623 toti
1527 4559 1952 4623 morinmr
1992 4560 2394 4637 nullaque
2425 4576 2639 4639 pars
2690 4564 2975 4621 wcanet
3014 4560 3287 4623 ‘noem

477 4662 976 4730 accuratissime
1023 4662 1400 4744 exscriptus
1467 4664 1572 4727 est
1636 4680 1720 4727 ex
1763 4661 1924 4727 Hor.
1970 4661 2095 4727 III.
2152 4663 2253 4728 30.
2316 4665 2355 4727 6
2401 4681 2576 4727 nme
2620 4663 2896 4727 omenes
2956 4664 3287 4727 moriar

473 4772 905 4849 multaque
930 4787 1146 4849 pars
1187 4769 1358 4833 senei
1404 4804 1489 4813 —
1531 4768 1826 4832 vitabit
1875 4768 2368 4834 Dibitv'mam.
2431 4766 2699 4832 Pariter
2752 4784 2826 4831 se
2872 4766 3075 4831 habet
3136 4784 3284 4831 ver-

475 4875 705 4939 borum
769 4871 1145 4939 coniunctio
1209 4873 1277 4938 in
1347 4891 1408 4940 v.
1474 4874 1600 4937 386
1665 4882 1840 4937 aetas
1906 4872 2174 4957 Peqaeeo
2239 4871 2633 4949 corripiet
2692 4873 2966 4952 yradu
3038 4869 3285 4934 collata
