3759 5400
465 1650 608 1761 De
662 1645 1227 1760 imitatione
1263 1644 1826 1756 Horatiana
1877 1643 1986 1755 in
2026 1644 2456 1757 Senecae
2496 1642 2917 1758 canticis
2956 1643 3267 1756 chori.

675 1995 783 2059 Ad
826 1993 949 2058 hoc
995 1989 1336 2074 negotium
1381 1988 1798 2054 subeundum
1843 1987 2163 2054 incitatus
2230 2005 2375 2052 sum
2436 1987 2661 2054 verbis
2708 1987 2837 2055 viri
2902 1986 3281 2069 clarissimi,

465 2096 744 2164 Martini
779 2095 1062 2178 Hertzii,
1103 2093 1214 2174 qui
1256 2093 1326 2158 in
1356 2092 1698 2158 Analectis
1731 2093 1817 2158 ad
1850 2110 2045 2158 carm.
2082 2093 2317 2158 Horat.
2348 2090 2502 2157 hist.
2547 2091 2633 2156 II.
2686 2111 2838 2175 pag.
2871 2093 2973 2174 12,
3024 2090 3283 2158 Vratis-

467 2201 686 2269 laviae
737 2203 903 2266 1878
971 2217 1172 2282 011613
1217 2197 1540 2280 Zingerlii
1585 2196 1655 2262 in
1703 2215 1782 2262 ea
1827 2215 1902 2262 re
1950 2196 2194 2278 optimo
2262 2195 2407 2262 iure
2455 2196 2833 2262 collaudata
2877 2195 3076 2267 dixit:
3145 2197 3282 2281 „At

471 2324 554 2372 ne
601 2304 709 2370 hic
772 2303 1036 2385 quidem
1081 2305 1291 2368 totam
1354 2301 1526 2366 hanc
1572 2299 1917 2366 materiam
1965 2299 2271 2384 absolvit,
2341 2318 2511 2381 quae
2555 2301 2803 2366 iterata
2847 2298 3281 2384 indagatione

472 2428 606 2477 non
649 2407 924 2491 indigna
971 2408 1138 2472 est.”
1183 2406 1444 2488 Itaque,
1490 2423 1574 2470 ne
1621 2408 1947 2488 angustos
1976 2403 2487 2488 programmatis
2533 2403 2699 2470 fines
2744 2407 3104 2488 transeam,
3152 2423 3279 2489 ego

474 2517 796 2594 quantum
851 2510 1108 2577 Seneca
1171 2509 1454 2575 fructum
1505 2529 1587 2575 ex
1646 2509 1957 2592 operibus
2014 2508 2283 2576 Horatii
2341 2507 2613 2592 ceperit,
2693 2509 3160 2576 demonstrabo
3210 2513 3281 2574 et

474 2616 838 2698 materiam,
902 2633 1072 2695 quae
1138 2613 1402 2695 quidem
1468 2615 1553 2680 ad
1619 2613 2055 2680 imitationem
2107 2613 2542 2680 Horatianam
2606 2612 2677 2678 in
2748 2611 3026 2679 canticis
3098 2613 3283 2680 chori

474 2722 939 2789 illustrandam
984 2720 1341 2803 pertineat,
1406 2738 1602 2800 quam
1669 2719 2190 2801 copiosissimam
2251 2718 2335 2785 iis
2383 2736 2755 2803 congeram,
2821 2716 2936 2797 qui
2983 2717 3281 2785 Senecae

475 2824 844 2909 tragoediis
921 2824 1274 2906 aliquando
1343 2842 1490 2889 cum
1553 2824 1728 2891 notis
1795 2824 2069 2890 edendis
2135 2842 2402 2906 operam
2467 2825 2626 2889 dare
2689 2820 2918 2890 velint.
2980 2821 3136 2887 Etsi
3214 2824 3287 2889 in

475 2950 558 2997 ea
637 2949 712 2995 re
778 2948 973 3012 quam
1055 2926 1323 2994 difficile
1410 2928 1502 2993 sit
1576 2928 1975 3011 disceptare,
2070 2933 2291 2994 utrum
2370 2930 2554 2992 certo
2644 2926 2917 2993 consilio
2996 2927 3283 2995 imitatio

481 3034 663 3100 facta
707 3034 796 3100 sit
842 3051 1068 3115 necne,
1141 3033 1321 3098 haud
1364 3032 1689 3117 ignoravi,
1754 3038 1981 3099 tamen
2048 3050 2253 3113 opera
2296 3031 2563 3097 Horatii
2626 3050 2944 3099 summam
3009 3031 3144 3100 vim
3190 3034 3279 3099 ad

481 3138 934 3219 componenda
976 3135 1092 3200 illa
1139 3136 1402 3202 cantica
1445 3137 1759 3203 habuisse
1807 3136 1967 3201 mihi
2012 3138 2505 3202 demonstrasse
2552 3135 2801 3203 videor.

687 3240 895 3308 Citati
941 3244 1102 3306 sunt
1143 3240 1274 3305 1061
1319 3240 1584 3306 Horatii
1648 3259 1731 3306 ex
1795 3240 2087 3306 editione
2132 3240 2416 3307 Luciani
2460 3240 2788 3325 Muelleri,
2850 3241 3147 3327 Senecae
3195 3260 3283 3309 ex

480 3344 810 3411 Friderici
853 3343 1120 3413 Leonis.

696 3449 950 3531 Scripsi
992 3432 1426 3517 'Vindobonae
1471 3450 1620 3516 Kal.
1666 3433 1810 3517 Ian:
1861 3452 2049 3517 1890.

2676 3554 2794 3619 Dr.
2838 3554 2893 3623 Ι.
2936 3552 3129 3635 Spik
3142 3572 3201 3620 a.

1676 3730 2093 3739 μη*

1469 3950 1520 4033 Ι.
1579 3949 1945 4031 Hercules
1989 3948 2299 4031 Furens.

901 4141 958 4206 Ι.
1009 4142 1481 4209 canticum
1529 4142 2222 4225 anapaestioum
2268 4160 2348 4207 v.
2393 4142 2860 4243 225—204.

693 4313 963 4379 Nullum
983 4314 1312 4379 canticum
1325 4333 1409 4380 ex
1429 4315 1750 4397 omnibus,
1763 4334 1934 4396 quae
1954 4315 2021 4381 in
2032 4314 2401 4397 tragoediis
2422 4318 2622 4401 vulgo
2636 4316 2931 4383 Senecae
2943 4313 3295 4381 attributis

485 4416 956 4499 leguntur,hoc
978 4417 1292 4483 refertius
1315 4423 1419 4485 est
1438 4418 1828 4486 imitationis
1849 4420 2249 4486 testimoniis
2267 4419 2631 4503 iisdemque
2654 4426 2786 4488 tam
2808 4418 3200 4500 manifestiS,
3217 4423 3297 4485 ut

486 4519 618 4586 iam
649 4521 726 4585 A.
770 4521 1168 4605 Zingerlius,
1201 4523 1313 4604 qui
1343 4524 1592 4605 primus
1625 4530 1938 4591 accurate
1970 4529 2125 4608 post
2154 4526 2541 4592 Paldamum
2576 4530 2739 4593 1851
2793 4528 2874 4593 de
2916 4522 3293 4591 imitatione

489 4624 864 4690 Horatiana
911 4630 1086 4710 apud
1133 4627 1452 4694 Senecam
1499 4628 1572 4693 in
1615 4629 1867 4696 libello:
1938 4630 2067 4713 „Zu
2113 4636 2388 4712 spatern
2440 4631 2881 4697 lateinischen
2924 4628 3297 4695 Dichtern'’

492 4732 662 4795 1873
710 4731 1165 4809 quaestionem
1228 4733 1482 4816 habuit,
1530 4753 1662 4800 non
1716 4754 1963 4817 paucos
2011 4737 2192 4802 10608
2241 4736 2647 4802 Horatianos
2717 4737 2799 4801 ad
2848 4732 3289 4801 imitationem

485 4834 1069 4901 demonstrandam
1117 4838 1442 4905 attulerit.
1511 4837 1722 4921 Quam
1768 4858 1907 4905 rem
1953 4860 2084 4907 non
2117 4846 2252 4907 tam
2282 4842 2513 4928 miram
2543 4841 2833 4928 putabis,
2882 4839 2938 4906 si
2972 4838 3297 4905 Senecam

3015 4949 3043 4999 1
3064 4951 3089 4979 ἰ·
