3759 5400
1636 203 2069 264 „15-

656 378 947 444 Primum
993 381 1069 441 ut
1113 377 1200 440 ad
1245 372 1620 440 sententias
1666 391 1707 437 a
1755 372 2011 439 Seneca
2058 374 2487 438 adumbratas
2520 371 2912 457 aggrediar3
2960 371 3256 437 occurrit

455 467 642 549 100118
690 501 754 548 v.
803 482 888 547 60
942 492 1168 544 taurus
1214 478 1374 543 celsa
1414 478 1598 564 fei-at
1643 487 1876 562 temore
1921 479 2303 556 candida,
2378 476 2565 542 0111118
2614 476 2975 542 similitudo
3023 493 3263 559 magna

460 589 588 652 est'
616 605 761 652 cum
807 586 969 651 Hor.
1019 583 1136 649 IV.
1187 565 1255 647 2.
1291 584 1374 647 60
1419 578 1564 668 q'ua-
1589 591 1795 645 notam
1829 581 2021 644 duoeit
2064 580 2234 666 (8011.
2279 580 2543 666 vitulus)
2589 585 2885 647 niveus
2928 581 3138 644 videri
3178 616 3264 628 —

455 701 654 755 cetera
682 689 934 775 fulvus.
999 687 1269 753 Pariter
1313 684 1652 752 sententia
1698 686 1780 749 de
1829 702 2034 750 cornu
2080 684 2195 751 illo
2241 683 2637 751 Amaltheae
2703 703 3020 751 summam
3066 685 3259 750 uber-

457 799 665 862 tatem
695 793 1136 878 significante,
1171 808 1341 872 quae
1360 788 1703 857 invenitur
1731 788 1802 854 in
1819 809 1880 856 v.
1914 791 1996 854 65
2026 801 2090 852 et
2114 807 2381 855 vomu
2407 791 2623 854 retinet
2653 792 2910 856 divite
2938 791 3263 870 copiam

455 898 737 982 legimus
787 898 917 963 iam
950 897 1129 978 apud
1159 893 1512 960 Horatium
1542 911 1740 958 carm.
1776 911 1953 958 saec.
1986 897 2068 960 59
2101 894 2487 980 adparetque
2517 895 2699 958 beata
2718 898 2974 975 pleno
3004 911 3265 972 comm

459 1003 537 1068 cf.
581 1003 743 1068 Hor.
788 1001 842 1068 Ι.
895 1002 994 1066 17.
1044 1002 1298 1064 14—16
1345 997 1473 1062 Hic
1517 998 1639 1062 tibi
1679 999 1922 1078 copia
1962 999 2241 1061 manabit
2285 997 2371 1061 ad
2405 997 2663 1082 plenum
2692 999 3045 1080 beatiano
3088 997 3264 1059 ‘ruris

456 1109 760 1172 honorum
791 1108 1182 1186 opulenta
1209 1121 1495 1181 emma,
1543 1102 1717 1180 quod
1749 1100 1951 1167 etiam
1998 1101 2365 1183 exemplum
2411 1100 2801 1168 imitationis
2848 1100 3263 1184 singularum

457 1228 692 1276 vocum
737 1208 845 1275 vel
891 1210 1246 1275 verborum
1294 1205 1829 1272 coniunctionum
1873 1204 2103 1288 putari
2145 1204 2325 1271 licet.
2392 1205 2546 1271 Toti
2593 1211 2815 1271 autem
2884 1204 3264 1270 adumbrati

458 1331 542 1379 ex
584 1313 746 1378 Hor.
793 1312 886 1379 II.
935 1316 995 1378 9.
1034 1313 1128 1400 ‚10
1174 1313 1333 1376 sunt
1378 1327 1614 1376 versus
1663 1311 1743 1374 71
1796 1313 1865 1374 et
1912 1312 1993 1374 72
2042 1311 2123 1374 116
2153 1301 2453 1391 Vespero
2486 1313 2556 1375 et
2589 1327 2893 1375 occasum
2940 1313 3012 1374 et
3044 1314 3264 1374 ortum

456 1415 614 1482 solis
661 1414 1120 1498 praedicente:
1739 1468 1747 1474 .

655 1520 810 1587 Sen.
857 1520 1031 1585 Med.
1081 1522 1158 1582 71
1210 1538 1306 1600 811.
1355 1529 1410 1582 et
1455 1529 1524 1582 tu
1569 1540 1747 1604 quae,
1791 1518 2027 1602 yemini
2060 1517 2332 1602 praevia
2360 1518 2659 1602 temporis
2693 1555 2775 1564 —
2804 1518 3010 1597 tarde,
3056 1517 3263 1597 stella,

453 1627 625 1690 redis
667 1649 909 1711 semper
954 1612 1326 1688 amantibus.
1357 1664 1364 1670 ·

659 1730 820 1795 Hor.
869 1728 958 1793 ΙΙ.
1007 1731 1066 1804 9,
1118 1729 1199 1793 10
1245 1727 1392 1793 Non
1435 1727 1556 1792 tibi
1611 1726 1877 1812 Vespero
1924 1764 2009 1774 -
2054 1737 2337 1812 surgente
2380 1726 2675 1790 decedunt
2718 1723 2983 1790 Amores
3029 1761 3116 1770 -—
3159 1748 3266 1789 nec

453 1834 762 1919 rapidum
789 1834 1082 1919 fayiente
1126 1833 1330 1896 solem.

667 1935 924 2003 Deinde
995 1935 1420 2019 comparandi
1484 1939 1643 2002 sunt
1686 1954 1750 2001 V.
1776 1937 2053 2008 *83—85
2118 1935 2329 1999 cedent
2384 1933 2667 1998 Ausonio
2736 1933 2887 1997 duci
2930 1970 3013 1980 —-
3046 1933 3268 2018 proles

437 2039 742 2122 fulminis
784 2041 1057 2126 improbi
1097 2079 1182 2089 —
1229 2031 1462 2122 aptat
1505 2042 1654 2122 qui
1695 2041 1904 2121 iuya
1948 2041 2304 2128 tiyribus
2349 2042 2475 2104 etc.
2544 2043 2614 2104 et
2656 2036 2924 2104 Horatii
2978 2037 3138 2103 item
3186 2039 3266 2102 de

458 2144 722 2210 Baccho
773 2143 1036 2209 Semeles
1077 2169 1274 2230 puero
1320 2144 1482 2211 dicti
1527 2162 1769 2212 Versus
1815 2143 1943 2209 ΠΙ.
1992 2147 2049 2208 3.
2103 2146 2183 2208 13
2231 2161 2327 2222 811.
2376 2143 2517 2206 Hae
2545 2153 2601 2207 te
2630 2152 2972 2222 merentem,
3018 2141 3267 2206 Bacche

445 2258 636 2332 pater
652 2258 904 2314 111116·-
925 2272 1143 2336 vexere
1172 2252 1426 2332 tiaras
1453 2287 1542 2296 ——
1568 2250 1923 2314 indocili
1940 2251 2241 2330 iuyum
2271 2251 2471 2313 collo
2488 2251 2928 2313 trahentes,
2961 2245 3265 2325 Denique

460 2372 523 2419 v.
574 2355 655 2418 88
705 2358 774 2418 et
822 2356 904 2419 89
950 2333 1117 2418 cedet
1169 2353 1426 2423 Castore
1456 2375 1597 2416 eum
1625 2375 1738 2415 suo
1772 2389 1854 2398 ——
1888 2351 2119 2414 Polluae
2156 2353 2561 2416 caestibus
2593 2353 2873 2433 aptior
2902 2368 3264 2416 commone-

459 2454 716 2521 faciunt
761 2457 926 2523 Hor·
973 2458 1025 2523 Ι
1072 2459 1131 2520 2.
1181 2459 1264 2522 25
1311 2475 1452 2537 sqq.
1487 2456 1724 2520 Dicam
1769 2464 1823 2519 et
1855 2453 2117 2520 Alciden
2142 2477 2493 2573 puerosque
2526 2492 2607 2501 —
2642 2455 2850 2518 Ledae
2881 2457 3042 2519 hunc
3073 2457 3262 2540 equis,

456 2558 633 2622 illum
677 2579 1082 2642 superare
1113 2563 1436 2642 pumiis
1479 2563 1863 2656 nobilem.

663 2663 767 2730 De
815 2663 1188 2732 imitatione
1235 2664 1649 2749 singularum
1697 2682 1932 2732 vocum
1976 2662 2087 2730 vel
2132 2665 2489 2731 verborum
2553 2661 3088 2730 coniunctionum
3156 2663 3267 2727 ad-

458 2769 830 2833 notaverim
876 2769 1158 2852 primum
1205 2788 1397 2835 usum
1440 2768 1627 2834 illum
1671 2768 1984 2853 regiones
2030 2768 2471 2852 significandi,
2538 2786 2666 2848 quo
2728 2753 2971 2831 flumen
3018 2771 3266 2831 terram

458 2872 746 2953 aliquam
791 2872 1082 2957 irrigans
1131 2892 1276 2939 eam
1309 2874 1570 2937 lambere
1603 2871 1864 2938 dieitur.
1913 2873 2095 2939 Usus
2128 2872 2239 2939 ille
2270 2871 2464 2938 verbi
2492 2870 2826 2936 lambendi
2856 2871 2967 2937 vel
2995 2870 3269 2937 lavandi

463 2978 639 3057 apud
705 2977 872 3043 alios
938 2996 1199 3059 quoque
1263 2982 1498 3060 poetas
1562 2996 1694 3043 non
1739 2976 2081 3043 inauditus
2151 2976 2441 3042 occurrit
2503 2974 2573 3039 in
2617 2994 2677 3040 v.
2725 2977 2809 3040 80
2854 2994 2952 3055 sq.
3012 2986 3067 3038 et
3112 2998 3268 3061 quas

460 3078 705 3141 Aonius
753 3080 916 3142 latex
961 3118 1046 3128 -—
1095 3082 1479 3167 Alpheosque
1539 3105 1713 3145 sacer
1765 3085 2001 3146 lavat
2064 3086 2132 3145 et
2194 3082 2371 3162 apud
2415 3080 2767 3145 Horatium
2831 3080 2883 3145 Ι.
2940 3082 3043 3144 22.
3092 3083 3131 3145 8
3180 3081 3274 3143 vel

461 3204 624 3267 quae
670 3182 801 3245 loca
830 3183 1176 3267 fabulosus
1221 3221 1304 3231 -—
1350 3186 1643 3250 lambit
1688 3184 2044 3269 Hydaspes.
2091 3182 2352 3249 Deinde
2396 3202 2634 3251 Versus
2692 3186 2774 3249 86
2820 3208 2929 3249 ‘nec
2973 3208 3114 3263 non,
3158 3186 3271 3270 qui

459 3286 747 3371 tripodas
788 3298 983 3351 movet
1029 3306 1112 3352 ex
1158 3288 1321 3354 Hor.
1367 3288 1422 3352 Ι.
1471 3290 1530 3351 2.
1578 3289 1660 3351 32
1709 3291 1778 3351 et
1823 3306 2025 3353 carm.
2086 3306 2259 3353 saec.
2333 3291 2411 3355 61
2462 3288 2689 3374 Augur
2755 3270 2979 3375 Apollo
3043 3287 3267 3368 ampli·

458 3388 696 3456 ficatus
745 3409 893 3457 esse
940 3394 1166 3473 potest
1211 3410 1427 3473 neque
1475 3395 1581 3456 est
1626 3393 2003 3475 negandum
2050 3375 2345 3475 epitheto
2391 3392 2650 3458 Dianae
2696 3392 2765 3457 in
2812 3412 2873 3458 v.
2932 3395 3015 3457 87
3044 3392 3269 3475 frater

457 3496 824 3576 virainis
854 3515 1206 3577 asperae
1235 3496 1370 3566 alia
1402 3498 1579 3577 apud
1607 3495 1957 3562 Horatium
2004 3499 2409 3578 respondere
2455 3497 2669 3564 veluti
2699 3495 2753 3561 Ι.
2806 3499 2904 3561 12.
2945 3499 3026 3560 22
3068 3497 3269 3559 saevis

459 3598 721 3663 mimica
765 3599 940 3682 viv-90
985 3600 1196 3677 beluis,
1241 3600 1368 3665 ΠΙ.
1417 3604 1478 3664 4.
1524 3602 1610 3665 70
1653 3600 1915 3685 inteqra,
1980 3601 2171 3683 epist.
2216 3600 2305 3667 II.
2352 3604 2411 3665 3.
2460 3604 2545 3666 44
2607 3600 2936 3664 iracunda.
3002 3597 3267 3666 Pariter

459 3720 568 3767 res
637 3718 709 3768 Se
757 3702 962 3767 habet.
1028 3722 1090 3769 V.
1137 3707 1219 3769 97
1267 3723 1364 3786 Sq.
1430 3727 1568 3767 cum
1631 3705 1872 3769 Phoebe
1935 3706 2203 3769 solidum
2269 3706 2493 3769 lumine
2552 3727 2671 3767 non
2733 3726 2845 3766 suo
2909 3740 2995 3751 —-
3059 3706 3265 3769 orbem

447 3809 842 3872 'circuitis
885 3810 1273 3875 eornibus
1317 3809 1538 3895 alliqat
1586 3809 1975 3875 collatorum
2023 3811 2171 3875 cum
2200 3809 2361 3875 Hor.
2409 3827 2603 3874 carm.
2637 3826 2808 3874 saec.
2856 3812 2937 3874 35
2971 3807 3263 3873 Siderum

459 3912 674 3996 reqina
719 3911 1011 3991 bicorni-9,
1059 3911 1222 3975 audi
1263 3950 1345 3959 —
1394 3913 1580 3977 Luna
1631 3913 1894 3997 puellas.
1958 3914 2182 3993 Atque
2229 3914 2311 3977 de
2374 3912 2593 3978 colore
2652 3913 2934 3995 puniceo
2997 3914 3264 3996 paulum

459 4032 794 4096 purpureo
863 4014 1160 4091 clariore,
1239 4035 1365 4097 quo
1431 4035 1646 4100 genae
1713 4016 2005 4083 Creusae
2069 4022 2139 4082 et
2200 4015 2509 4100 Ligurini
2571 4018 2787 4085 nitere
2854 4019 3265 4102 dicebantur,

462 4118 767 4184 conferas
815 4139 876 4187 v.
923 4138 1027 4200 qq.
1073 4131 1238 4184 ostro
1281 4124 1375 4185 sie
1418 4124 1634 4188 niveus
1665 4126 2031 4203 puniceo
2062 4126 2281 4187 color
2307 4160 2395 4170 —
2413 4124 2721 4210 perfusus
2758 4124 2974 4187 rubuit
3005 4105 3075 4187 et
3104 4123 3264 4188 Hor.

459 4222 574 4287 IV.
623 4225 724 4289 10.
769 4228 811 4288 4
857 4242 956 4304 sq.
1005 4223 1197 4290 Nunc
1227 4236 1283 4289 et
1311 4229 1424 4312 qui
1451 4230 1671 4293 color
1707 4237 1795 4290 est
1805 4230 2224 4309 puniceae
2234 4227 2401 4315 flore
2422 4230 2612 4314 prior
2638 4250 2819 4291 rosae
2849 4266 2934 4276 —
2962 4238 3259 4318 mutatus,

463 4326 780 4409 Lama-ine,
825 4329 893 4392 in
918 4330 1163 4415 faciem
1207 4333 1458 4395 verterit
1503 4332 1820 4417 hispidam
1871 4337 1996 4397 etc.
2068 4332 2373 4413 Denique
2420 4334 2506 4398 ad
2552 4334 2758 4401 Verba
2803 4343 3043 4419 tempus
3087 4340 3267 4397 erat

460 4446 578 4508 pro
624 4442 864 4517 tempus
909 4442 1025 4499 est
1067 4434 1136 4500 in
1201 4454 1261 4500 v.
1312 4437 1432 4500 111
1499 4436 1864 4519 multifidam
1932 4440 2065 4501 iam
2128 4448 2365 4523 tempus
2426 4449 2561 4502 erat
2626 4438 2983 4501 succendere
3033 4438 3263 4523 pinum

461 4531 590 4596 iam
635 4534 1199 4604 Mitscherlichius
1249 4542 1317 4635 et
1362 4540 1674 4606 Badenus
1722 4543 1893 4606 bene
1942 4546 2493 4622 comparaverunt
2539 4542 2699 4606 Hor.
2742 4541 2794 4606 I.
2842 4544 2941 4607 37.
2987 4544 3030 4605 4
3078 4540 3265 4605 Nune

459 4635 822 4703 Saliaribus
869 4692 884 4707 .
930 4692 945 4707 .
991 4692 1005 4708 .
1051 4654 1291 4729 tempus
1335 4655 1470 4707 erat
1517 4648 1640 4709 etc.
