3759 5400
1693 197 2119 268 410..

506 375 803 442 ostendit
848 375 1185 458 Hauptius
1243 374 1487 457 Opusc.
1534 378 1593 440 2.
1644 379 1744 440 74.
1772 412 1859 422 —
1889 373 2213 441 Versibus
2262 379 2387 442 852
2438 381 2506 442 et
2551 379 2678 442 853
2726 379 2996 463 viv-qines
3040 378 3311 442 nondum

506 480 806 544 thalamis
851 483 1106 564 iuyatae
1150 516 1235 526 —
1281 490 1337 544 et
1381 479 1575 543 comis
1618 480 1895 544 nondum
1928 481 2160 563 positis
2204 481 2419 564 ephebi
2460 481 2885 562 admonemur
2934 482 3095 548 Hor.
3128 482 3180 548 Ι.
3212 485 3314 548 21.

510 587 543 647 1
593 601 690 663 SQ.
750 584 1039 648 Dianam
1100 592 1343 647 tenerae
1406 584 1596 648 dicite
1658 584 1933 669 vir9ines
1977 621 2062 630 —
2107 583 2417 648 intonsum
2475 586 2674 669 pueri
2734 585 2921 649 dicite
2973 584 3309 672 Cynthium

505 693 575 753 et
620 705 856 753 versus
905 691 1199 752 ceterum
1245 686 1544 768 corrupti
1604 688 1772 753 Hor.
1815 686 1943 751 III.
1992 689 2092 750 14.
2149 689 2231 752 10
2278 706 2373 767 sq.
2452 688 2589 765 Vos,
2640 711 2674 751 ο
2714 691 2910 772 pueri
2973 700 3029 752 et
3068 690 3317 774 puellae

503 829 588 839 —
634 795 766 856 iam
809 791 1014 855 virum
1046 801 1338 875 emper-tae
1370 797 1518 872 (pro
1568 789 1957 876 „expertes'')
1991 793 2123 855 etc.
2156 790 2446 857 Verbum
2478 791 2753 875 iugandi
2784 792 2989 858 semel
3020 793 3311 859 eiusdem

506 894 1012 978 significationis
1060 894 1362 960 adhibuit
1424 895 1584 960 Hor.
1650 914 1845 961 carm.
1916 913 2087 960 saec.
2160 897 2239 959 18
2307 895 2651 982 Prosperes
2693 895 2939 960 decreta
2983 920 3176 982 super
3220 901 3314 961 iu·

501 998 732 1085 yandis
759 1000 1050 1085 feminis.
1115 998 1422 1079 Denique
1471 998 1772 1065 conferas
1819 1016 1881 1065 V.
1933 1000 2059 1064 877
2102 999 2368 1084 pinques
2414 1000 2651 1064 caedite
2706 1002 2996 1064 victimas
3042 1006 3111 1067 et
3155 1003 3315 1068 Hor.

503 1103 591 1167 Π.
642 1105 743 1168 17.
791 1105 874 1168 30
919 1102 1178 1167 reddere
1223 1104 1510 1168 victimas
1553 1103 1885 1188 aedemque
1947 1106 2219 1167 votivam
2263 1115 2591 1184 mement0,·
2661 1123 2723 1171 V.
2774 1105 2903 1168 880
2948 1123 3043 1185 sq.
3089 1117 3315 1170 cessent

510 1207 794 1291 deposito
843 1210 990 1292 iu90
1034 1243 1121 1254 —
1167 1209 1312 1270 arvi
1338 1207 1588 1294 fertilis
1632 1207 1874 1272 incolae
1923 1211 1991 1272 et
2021 1207 2181 1272 Hor.
2226 1206 2352 1272 III.
2402 1209 2459 1272 6.
2505 1210 2588 1272 42
2636 1211 2787 1291 iuya
2818 1208 3088 1272 demeret
3132 1211 3318 1275 bobus

495 1311 842 1397 fatiyatis;
889 1330 952 1378 v.
1003 1312 1128 1375 882
1197 1311 1343 1373 Pax
1405 1321 1494 1374 est
1537 1314 1960 1377 Herculea
2003 1331 2277 1376 wlanu
2340 1317 2408 1377 et
2452 1311 2612 1376 Hor.
2677 1313 2766 1377 II.
2817 1313 2914 1379 12.
2964 1315 3003 1376 6
3048 1313 3318 1399 Hyleum

513 1414 897 1500 domitosque
940 1418 1361 1480 Herculea
1404 1435 1699 1480 manu.
1747 1414 2090 1497 Superest,
2136 1419 2213 1481 ut
2258 1417 2495 1480 addam
2541 1434 2601 1482 v.
2650 1419 2775 1480 892
2821 1416 2916 1480 nit
2957 1416 3127 1480 ultra
3158 1420 3316 1481 iacet

506 1519 745 1602 inferos
801 1519 1264 1584 adumbratum
1313 1537 1460 1584 esse
1513 1537 1596 1584 ex
1626 1520 1786 1585 Hor.
1820 1519 2013 1602 epist.
2043 1519 2096 1584 Ι.
2145 1522 2244 1584 16.
2287 1522 2367 1583 79
2399 1541 2570 1583 mors
2600 1519 2823 1583 ultima
2854 1520 3018 1584 tinea
3048 1533 3317 1584 mrumst

506 1630 575 1686 et
618 1641 682 1687 v.
731 1625 856 1687 893
905 1627 974 1687 et
1021 1625 1147 1687 894
1195 1622 1451 1687 Stantes
1495 1623 1821 1706 sacmflcus
1882 1647 2089 1687 comas
2135 1661 2220 1670 —
2266 1624 2489 1687 dilecta
2554 1634 2681 1710 teye
2743 1624 2978 1709 populo
3026 1643 3108 1690 ex
3150 1624 3312 1689 Hor.

504 1725 620 1792 Od.
667 1726 719 1790 I.
767 1729 824 1790 7.
874 1729 956 1790 23
997 1727 1308 1811 Tempora
1349 1727 1622 1812 populea
1643 1728 1863 1811 fertur
1895 1729 2162 1791 cinxisse
2205 1750 2447 1792 corona.
2498 1727 2849 1794 Adiectivo
2882 1728 3092 1810 Eleus,
3142 1729 3315 1808 quod

507 1831 711 1896 semel
759 1831 918 1895 Hor.
968 1829 1084 1896 IV.
1133 1833 1190 1895 2.
1240 1831 1340 1894 17.
1387 1831 1709 1913 adhibuit,
1757 1829 2012 1896 Seneca
2057 1830 2272 1896 utitur
2317 1831 2386 1896 in
2429 1850 2491 1897 v.
2537 1833 2683 1896 840.

1549 2072 1920 2155 Hercules
1975 2072 2289 2155 Furens.

904 2280 1049 2346 IV.
1100 2280 1570 2347 canticum
1617 2281 2315 2363 anapaesticum
2359 2280 2913 2349 1054—1137.

713 2453 797 2518 In
840 2453 967 2518 hoc
1014 2453 1294 2536 cantico,
1342 2473 1468 2534 quo
1517 2455 1755 2520 chorus
1803 2453 2269 2519 Thebanorum
2315 2453 2605 2520 furorem
2651 2454 2961 2520 Herculis
3012 2455 3315 2536 deplorat

505 2558 696 2638 eique
745 2561 822 2623 ut
890 2575 1056 2623 sana
1118 2575 1302 2623 mens
1367 2558 1619 2640 redeat,
1695 2561 2032 2640 precatur,
2096 2557 2485 2623 imitationis
2551 2558 2960 2623 Horatianae
3026 2559 3317 2642 vestigia

505 2662 850 2727 admodum
926 2679 1142 2744 pauca
1221 2660 1674 2743 inveniuntur,
1769 2660 2078 2741 quoniam
2160 2661 2441 2726 materia
2504 2661 2651 2743 ipsa
2716 2661 2960 2728 cantici
3022 2667 3168 2729 tota
3231 2666 3313 2731 ab

504 2764 773 2831 Horatii
817 2766 1086 2850 ingenio
1133 2767 1466 2832 abhorret.
1511 2766 1763 2832 Tamen
1808 2764 1911 2831 his
1958 2765 2121 2831 locis
2157 2765 2475 2832 Senecam
2522 2766 2839 2831 Flaccum
2884 2772 3043 2832 ante
3092 2768 3316 2834 oculos

509 2868 828 2935 habuisse
875 2871 1219 2935 contendo.

716 2972 1024 3055 Primum,
1086 2978 1162 3039 ut
1206 2972 1690 3040 sententiarum
1737 2973 2259 3039 Horatianarum
2322 2972 2757 3039 imitationem
2826 2974 3186 3057 absolvam,
3249 2975 3317 3040 in

510 3076 1004 3158 comparatione
1052 3075 1276 3141 Somni
1323 3095 1469 3142 cum
1513 3078 1732 3143 Morte
1776 3077 2083 3145 versibus
2122 3077 2550 3145 1065—1076
2577 3078 3049 3160 comprehensa
3079 3098 3317 3145 versus

510 3183 677 3246 1074
713 3182 839 3264 qui
867 3203 1001 3265 par
1043 3184 1228 3261 reyi
1255 3184 1751 3264 famuloque
1811 3186 1985 3247 venis
2050 3187 2306 3248 tantam
2368 3184 2572 3249 habet
2638 3183 3135 3250 similitudinem
3180 3184 3320 3250 noti

506 3284 688 3350 illius
735 3302 975 3350 versus
1021 3284 1289 3350 Horatii
1330 3284 1385 3349 Ι.
1434 3290 1493 3351 4.
1542 3289 1624 3351 16
1678 3288 1935 3351 Pallida
1980 3311 2149 3350 mors
2180 3311 2374 3371 aequo
2393 3288 2558 3373 pede
2588 3288 2799 3371 pulsat
2828 3306 3319 3368 pauperum

505 3390 802 3453 tabernas
868 3407 1321 3470 requmque
1381 3400 1603 3467 turres,
1680 3395 1756 3455 ut
1818 3390 2015 3456 facile
2077 3391 2273 3455 huius
2338 3391 2468 3455 loci
2532 3390 2853 3456 Senecam
2916 3390 3317 3458 imitatorem

508 3494 824 3575 appelleS.
873 3491 1192 3558 Conferas
1251 3498 1319 3558 et
1363 3493 1524 3559 Hor.
1570 3493 1658 3558 II.
1709 3497 1806 3558 18.
1872 3496 1955 3559 32
2014 3494 2239 3577 Aequa
2283 3493 2463 3557 tellus
2507 3531 2590 3541 -
2624 3496 2913 3580 pauperi
2968 3497 3318 3561 recluditur

504 3620 838 3682 regumque
893 3598 1117 3683 pueris
1180 3602 1250 3664 et
1318 3598 1516 3679 paulo
1582 3598 2105 3665 obscuratiorem
2171 3616 2438 3665 versum
2483 3598 2643 3664 Hor.
2687 3598 2815 3665 III.
2880 3606 2935 3665 1.
2985 3604 3067 3665 14
3114 3622 3317 3683 aequa

511 3702 638 3779 leqe
683 3705 1014 3766 necessitas
1057 3703 1321 3766 sortitur
1365 3704 1635 3787 insiynes
1679 3714 1735 3766 et
1798 3704 1974 3766 imos.
2042 3700 2240 3768 Certe
2308 3702 2507 3767 etiam
2568 3702 2825 3769 Seneca
2888 3707 3046 3768 ante
3094 3704 3318 3769 oculos

504 3804 742 3871 habuit
782 3804 853 3870 in
901 3806 1252 3871 scribendo
1316 3826 1378 3873 v.
1434 3809 1604 3871 1224
1664 3828 1783 3870 non
1838 3806 2084 3892 Aryiva
2147 3806 2425 3871 membra
2478 3811 2911 3887 palaestra
2962 3844 3031 3854 -—
3068 3808 3319 3892 flectere

509 3909 676 3973 docti
719 3912 844 3973 etc.
889 3909 1244 3976 Horatium
1307 3910 1360 3975 Ι.
1409 3913 1514 3977 10.
1563 3913 1601 3975 2
1649 3929 1744 3991 sq.
1803 3910 1937 3985 Qui
1959 3912 2143 3998 feros
2209 3910 2413 3975 cultus
2459 3914 2773 3976 hominum
2827 3923 3132 3976 recentum
3185 3935 3318 3976 voce

500 4015 817 4099 formasti
858 4023 1035 4077 catus
1080 4024 1137 4077 et
1182 4014 1444 4078 decorae
1488 4052 1570 4061 ——
1617 4037 1787 4078 more
1824 4018 2276 4095 palaestra.

716 4117 1087 4183 Verborum
1135 4118 1633 4184 coniunctiones
1682 4137 1721 4183 a
1767 4119 2013 4185 Flacco
2060 4121 2450 4201 desumptae
2494 4119 2621 4184 hae
2654 4119 3086 4201 reperiuntur
3118 4122 3315 4201 duae,

511 4239 790 4301 quarum
838 4239 970 4286 una
1015 4222 1085 4286 in
1131 4221 1458 4305 versibuS,
1524 4222 1762 4303 quibus
1831 4224 1913 4288 de
1962 4223 2113 4289 Sole
2180 4222 2424 4307 agitur,
2488 4227 2713 4289 exstat
2761 4223 2928 4288 1059
2973 4232 3317 4289 noctem-

507 4344 662 4406 que
689 4328 953 4407 fuya-s
997 4348 1100 4389 ore
1142 4326 1360 4391 decoro
1404 4366 1493 4377 —
1520 4327 1786 4409 fervide
1841 4326 2030 4391 Titan
2079 4347 2161 4393 ex
2203 4328 2364 4393 Hor.
2408 4327 2533 4393 ΠΙ.
2585 4330 2685 4393 21.
2752 4330 2834 4391 24
2879 4327 3031 4391 dum
3072 4328 3319 4393 rediens

495 4432 747 4515 fuya
790 4438 1024 4494 astra
1070 4430 1374 4514 Phoebus,
1438 4432 1652 4496 altera
1714 4432 1783 4496 in
1845 4452 1907 4499 v.
1969 4435 2135 4497 1129
2199 4443 2486 4516 tutosque
2538 4434 2758 4513 fuya
2783 4432 2982 4516 figere
3044 4451 3319 4498 cervos

508 4533 753 4599 collata
801 4551 948 4598 cum
992 4534 1151 4600 Hor.
1199 4535 1325 4600 III.
1373 4537 1472 4599 12.
1516 4539 1559 4599 4
1604 4546 1781 4600 catus
1812 4536 1978 4601 idem
2014 4558 2136 4621 per
2164 4560 2461 4622 apersum
2489 4538 2917 4619 fuqientes
2959 4540 3198 4621 aqitato
3234 4574 3313 4584 -—-

500 4661 679 4723 yreqe
724 4657 998 4704 cervos
1040 4638 1320 4702 iaculari
1362 4645 1488 4705 etc.

717 4741 1031 4824 Singulas
1065 4761 1260 4810 voces
1295 4744 1377 4809 ab
1409 4744 1692 4810 Horatio
1726 4749 2086 4826 usurpatas
2118 4748 2227 4809 ter
2258 4744 2511 4810 Seneca
2544 4744 2671 4809 sibi
2703 4744 2999 4811 indulsit.
3030 4744 3318 4811 Primum

515 4846 808 4913 occurrit
858 4849 1226 4932 exemplum
1272 4849 1340 4915 in
1388 4870 1449 4917 v.
1498 4852 1664 4915 1661
1714 4861 1911 4914 tecum
1956 4850 2208 4915 Alcides
2250 4851 2464 4914 vidit
2508 4860 2565 4913 et
2608 4859 2782 4914 ortus
2826 4850 2997 4915 idem
3042 4850 3317 4915 verbum
