3759 5400
1674 175 2100 236 -24—.

485 375 804 416 coruscum
869 351 976 436 (ef.
1037 373 1145 415 nec
1214 348 1635 435 fulminantis
1696 369 1923 432 maqna
1988 368 2211 409 manue
2269 343 2476 425 Iovis,·
2552 341 2677 407 III.
2739 344 2801 405 4.
2868 344 2953 406 44
3008 341 3289 424 fulmine

480 455 803 520 sustulerit
868 455 1145 532 caduco).
1229 451 1538 532 Denique
1601 453 1684 516 ad
1731 469 1795 516 V.
1845 451 1972 514 969
2024 447 2308 514 Cererem
2357 465 2476 528 pro
2507 446 2743 532 fmqes
2786 445 2917 510 iam
2964 443 3286 510 Horatius

482 557 684 626 sicuti
727 559 842 626 alii
888 562 1126 640 poetae
1175 554 1477 625 adhibuit
1524 555 1710 635 epod.
1759 555 1860 618 16.
1904 555 2011 634 43,
2036 570 2232 617 carm.
2279 550 2407 616 III.
2456 553 2556 614 24.
2603 553 2705 616 13.

1701 795 2066 880 Phaedra.

1019 991 1164 1059 IV.
1214 992 1682 1059 canticum
1726 987 2264 1057 1123—-1153
2312 985 2741 1051 mixtum.
2868 953 2872 958 ’

667 1165 832 1231 “Hoc
879 1165 1232 1248 canticum,
1277 1167 1454 1246 quod
1503 1171 1610 1231 est
1653 1165 1735 1230 de
1781 1160 2229 1227 instabilitate
2274 1157 2583 1224 fortunae
2630 1158 2701 1219 et
2764 1154 2846 1220 de
2915 1150 3282 1218 securitate

471 1268 740 1334 humilis
804 1268 984 1337 vitae
1051 1274 1119 1334 et
1180 1275 1459 1335 mortem
1501 1267 1852 1350 Hippolyti
1918 1266 2233 1346 celebrat,
2282 1261 2517 1329 mirum
2560 1259 2631 1325 in
2676 1258 2942 1323 modum
3002 1273 3085 1320 ex
3127 1254 3288 1321 Hor.

478 1373 572 1440 Π.
621 1375 706 1440 -10
774 1374 1237 1440 adumbratum
1282 1391 1430 1440 esse
1477 1373 1605 1438 iam
1657 1370 1999 1438 Torkillus
2048 1371 2361 1435 Badenus
2411 1363 2721 1432 ostendit.
2775 1361 3027 1428 Tamen
3074 1364 3144 1423 et
3186 1359 3287 1426 rei

476 1479 1042 1544 demonstrandae
1102 1482 1172 1543 et
1225 1477 1658 1559 explicandae
1715 1493 1919 1541 causa
1972 1491 2187 1556 pauca
2242 1473 2324 1538 de
2380 1466 2751 1536 imitatione
2808 1462 3019 1530 dicam
3068 1481 3281 1543 neque

478 1580 573 1647 ibi
621 1581 868 1665 omnia,
925 1600 1094 1662 quae
1141 1581 1527 1647 imitationis
1575 1579 1785 1646 statui
1831 1597 2101 1661 genera,
2158 1581 2228 1642 et
2281 1573 2768 1642 sententiarum
2814 1573 2883 1633 et
2930 1569 3281 1634 verborum

478 1683 1013 1752 coniunctionum
1060 1691 1263 1766 atque
1309 1684 1721 1767 singularum
1785 1701 2018 1750 vocum
2088 1684 2272 1760 adeo,
2338 1684 2413 1746 ut
2463 1679 2579 1746 vix
2641 1671 2943 1757 separari
3003 1672 3281 1755 possint,

471 1787 688 1856 mixta
733 1807 881 1856 esse
929 1790 1176 1856 celabo.
2792 1847 2797 1849 -

685 1893 978 1961 Primum
997 1895 1290 1962 Senecae
1309 1898 1759 1976 praeceptum,
1800 1896 1876 1957 ut
1906 1891 2005 1956 ita
2038 1889 2267 1974 dicam,
2314 1891 2601 1972 positive
2632 1893 2879 1960 dictum
2913 1916 2973 1963 v.
3024 1898 3281 1960 1124-

477 2000 650 2063 :1127
693 2001 900 2063 minor
944 2000 1012 2064 in
1029 2001 1262 2085 parvis
1290 2001 1570 2083 fortuna
1597 1998 1780 2083 furit
1814 2031 1893 2042 —
1930 1993 2239 2078 leviusque
2266 1995 2439 2080 ferit
2471 1995 2702 2060 leviora
2733 1998 2885 2063 deus
2894 2023 2919 2074 ‚·
2948 2035 3033 2046 —
3074 2011 3283 2064 servat

467 2105 852 2182 placidos
894 2106 1241 2170 obscura
1293 2103 1466 2186 quies
1497 2139 1580 2150 —-
1605 2101 1980 2188 praebetque
2021 2122 2193 2164 senes
2237 2117 2435 2166 casa
2480 2124 2723 2166 securos
2754 2105 2930 2185 apud
2962 2104 3123 2169 Hor.
3151 2103 3277 2169 III.

475 2209 577 2270 29.
629 2209 843 2272 9-12
883 2209 1426 2288 fastidiosa‘m,
1468 2206 1673 2270 desere
1719 2205 1966 2290 copiam
2010 2213 2065 2268 et
2099 2241 2177 2250 —-
2222 2207 2525 2269 molent
2557 2209 2985 2291 propinquam
3013 2209 3279 2272 nubibus

474 2311 723 2394 arduis,
749 2313 956 2374 omitte
986 2312 1220 2375 mirari
1245 2313 1456 2375 beatae
1483 2311 1848 2396 —fumum
1879 2319 1937 2372 et
1967 2331 2113 2394 opes
2142 2311 2585 2394 strepitumque
2614 2313 2937 2377 Romae
2958 2311 3277 2396 negative

477 2414 726 2481 dictum
773 2417 1001 2482 exstat
1044 2416 1162 2498 ita,
1208 2420 1286 2481 ut
1329 2418 1539 2482 verba
1586 2433 1847 2496 quoque
1873 2414 2168 2480 Senecae
2214 2413 2497 2495 singulis
2532 2416 2614 2479 ab
2648 2414 2929 2481 Horatio
2962 2416 3275 2483 adhibitis

475 2519 647 2586 bene
691 2521 1146 2601 respondeant
1190 2519 1401 2586 veluti
1445 2519 1513 2584 in
1558 2538 1622 2587 v.
1668 2521 1837 2584 1126
1863 2517 2155 2604 placidos
2200 2522 2361 2584 etv.
2393 2521 2432 2582 9
2462 2518 2887 2602 fastidiosam
2918 2525 2985 2586 et
3016 2522 3275 2586 obscura

469 2625 646 2707 quies
691 2628 760 2688 et
804 2626 1020 2689 beatae
1065 2626 1318 2703 Romae,
1369 2624 1652 2706 denique
1701 2647 1850 2688 casa
1896 2627 1968 2688 et
2010 2621 2231 2687 molem
2264 2625 2693 2710 propinquam
2736 2626 3001 2690 nubibus
3030 2626 3273 2690 arduis.

681 2728 1231 2797 Manifestissima
1263 2733 1486 2795 autem
1518 2728 1786 2794 Horatii
1815 2728 2098 2795 imitatio
2133 2732 2237 2793 est
2281 2726 2351 2793 in
2383 2727 2710 2811 versibuS,
2745 2729 2856 2810 qui
2888 2736 3275 2818 sequuntur,

468 2834 893 2899 1128—1131
965 2836 1234 2899 Admota
1281 2836 1576 2899 aetheriis
1619 2832 1894 2897 eulmina
1924 2833 2169 2897 sedibus
2223 2870 2292 2881 —
2344 2833 2555 2897 Euros
2584 2836 2927 2920 eoecipiunt,
2960 2836 3277 2919 eaeeipiunt

471 2934 692 3017 Notos,
739 2975 824 2987 -
871 2942 1086 3004 insani
1128 2941 1372 3004 Boreae
1414 2941 1642 3019 minas,
1692 2976 1777 2986 —
1821 2938 2335 3022 imbriferumque
2381 2936 2631 3018 Corum,
2680 2938 2738 3003 Si
2784 2940 3275 3019 comparaveris

469 3058 614 3105 oum
629 3041 790 3107 Hor.
822 3041 913 3107 II.
949 3044 1048 3107 10.
1078 3045 1310 3109 9-11,
1339 3044 1614 3130 Saepius
1640 3045 1909 3109 ventis
1935 3044 2214 3129 aqitatur
2250 3044 2463 3127 inqens
2485 3078 2564 3093 --
2589 3043 2783 3127 pinus
2824 3053 2883 3106 et
2912 3039 3104 3107 celsae
3126 3066 3275 3129 qra-

469 3146 640 3208 viore
678 3168 832 3209 casu
870 3184 954 3193 —
993 3148 1284 3211 decidunt
1333 3160 1558 3212 turres.
1610 3146 1774 3230 Quis
1805 3152 1929 3230 est,
1961 3146 2075 3227 qui
2107 3146 2423 3213 Senecam
2454 3164 2685 3213 vocem
2728 3148 2921 3210 ventis
2958 3150 3278 3226 quattuor

468 3247 750 3314 diversis
775 3250 1018 3333 ventiS‚
1051 3252 1254 3334 Eum,
1286 3252 1480 3334 Noto,
1499 3252 1846 3334 Aquilone,
1881 3252 2049 3317 Coro
2082 3250 2486 3317 enumeratis
2528 3249 2987 3333 amplificasse,
3006 3251 3126 3315 sed
3144 3269 3275 3315 am-

464 3351 639 3433 plam
662 3352 928 3420 Horatii
949 3354 1454 3438 descriptionem
1476 3356 1670 3437 pinus
1693 3356 2153 3436 celsarumque
2170 3355 2453 3420 turrium
2486 3372 2615 3419 uno
2646 3354 2969 3421 vocabulo
3001 3354 3275 3419 eulmina

465 3457 836 3525 reddidisse
857 3478 986 3525 non
1007 3459 1393 3543 intellegat?
1413 3460 1594 3525 Idem
1607 3459 1873 3527 Horatii
1892 3458 2312 3527 verbaII.10.
2328 3461 2363 3522 1
2376 3459 2583 3521 1--12
2605 3458 2987 3541 feriuntque
3002 3481 3275 3522 summos

447 3560 725 3646 fnlyura
743 3576 976 3629 montes
993 3564 1092 3630 ita
1113 3568 1454 3630 mutuatus
1477 3569 1600 3647 est,
1620 3563 1778 3629 utin
1799 3564 2295 3629 v.1132-1136
2310 3562 2523 3624 Raros
2528 3564 2787 3647 patitur
2788 3562 3096 3646 fulminis
3113 3565 3273 3626 ictus

464 3702 550 3713 —-
571 3668 789 3731 umida
819 3669 1030 3734 vallis:
1064 3706 1149 3719 --
1179 3672 1430 3733 tremuit
1461 3668 1576 3733 telo
1606 3666 1788 3733 Jovis
1817 3667 2075 3731 altisoni
2094 3702 2181 3715 -
2216 3664 2540 3731 Caucasus
2568 3668 2783 3752 inqens
2813 3668 3273 3753 Phr-yqiumque

469 3790 686 3834 nemus
727 3809 815 3821 --·
858 3776 1082 3837 matris
1133 3772 1381 3860 Cybeles
1423 3791 1544 3855 pro
1590 3770 1859 3838 Horatii
1904 3769 2131 3837 verbis
2159 3770 2457 3856 fulqura,
2505 3769 2624 3834 telo
2670 3775 2741 3835 et
2769 3770 3081 3854 fulminis
3112 3774 3272 3835 ictus

468 3878 776 3943 uteretur
807 3880 876 3942 et
906 3900 1176 3941 summos
1200 3889 1452 3961 montes,
1500 3895 1664 3957 quos
1696 3874 2019 3941 Horatius
2067 3874 2401 3940 laudanda
2446 3892 2593 3939 cum
2623 3873 3037 3940 moderantia
3082 3876 3270 3942 modo

471 3976 814 4063 tetigerat,
857 3980 1004 4062 ipse
1049 3980 1372 4049 scientiae
1409 3981 1850 4047 ostentandae
1886 3997 2091 4044 causa
2120 3976 2514 4044 nominaret.
2562 3976 2696 4043 Sed
2741 3995 2888 4043 011111
2920 3996 2982 4043 v.
3016 3980 3268 4043 1138-—

469 4084 638 4147 1139
682 4107 806 4149 ‘non
852 4088 1024 4171 capit
1068 4108 1365 4169 umquam
1421 4107 1674 4171 maqnos
1735 4095 1937 4148 motus
1988 4122 2061 4131 —
2110 4085 2467 4149 humilis
2513 4084 2699 4147 tecti
2746 4080 2995 4166 plebeia
3054 4080 3272 4145 domus

465 4188 863 4269 comparatis
928 4207 1075 4254 cum
1141 4189 1300 4255 Hor.
1345 4188 1434 4255 ΙΙ.
1502 4190 1602 4254 10.
1671 4192 1711 4253 6
1757 4199 1926 4252 earet
1969 4189 2297 4253 obsoleti
2360 4186 2654 4250 sordibus
2715 4188 2901 4251 teeti
2968 4184 3269 4268 singulas

462 4295 724 4357 tantum
769 4310 968 4359 voces
1025 4294 1425 4374 easdemque
1477 4292 1639 4375 fere,
1687 4311 1851 4373 quas
1880 4293 2038 4357 iam.
2062 4290 2385 4357 Horatius
2429 4291 2845 4367 adhibuerat,
2893 4294 3268 4372 usurparet,

465 4395 719 4462 Seneca
750 4396 1082 4481 versibuS,
1125 4398 1240 4479 qui
1273 4402 1665 4480 sequuntur,
1715 4398 2149 4463 1141—1143
2180 4396 2346 4464 volat
2390 4396 2703 4480 ambiquis
2744 4392 2987 4457 mobilis
3030 4392 3153 4457 alis
3184 4430 3269 4443 --

463 4503 639 4584 hora,
703 4526 810 4566 nec
853 4502 976 4567 ulli
1005 4514 1302 4589 praestat
1365 4502 1544 4567 velow
1589 4538 1674 4551 --
1719 4501 2015 4565 Fortuna
2058 4500 2257 4581 fidem
2326 4498 2617 4583 imagine
2663 4499 2913 4579 eadem,
2975 4498 3094 4565 Sed
3138 4496 3270 4565 iam

459 4604 802 4672 Fortunae
849 4606 1180 4675 attributa
1224 4625 1382 4673 usus
1427 4610 1652 4672 notum
1717 4604 1903 4671 illum
1946 4602 2216 4671 Horatii
2262 4602 2315 4669 I.
2357 4604 2465 4669 34.
2512 4604 2767 4667 14--16
2838 4602 3053 4670 10011111
3100 4603 3269 4687 (hine

460 4712 706 4795 apicem
767 4732 980 4797 rapax
1031 4750 1110 4760 —-
1134 4712 1415 4797 fortuna
1477 4729 1670 4777 eum
1710 4712 2071 4775 stridore
2122 4716 2363 4773 acuto
2429 4706 2603 4791 (scil.
2669 4704 2948 4791 atavum)
2993 4704 3265 4783 sustulit,

461 4814 562 4878 hio
610 4817 902 4901 posuisse
965 4816 1222 4903 gaudet)
1305 4820 1461 4881 ante
1525 4813 1750 4881 oculos
1823 4812 2079 4879 habuit.
2153 4812 2520 4877 Praeterea
2582 4809 2653 4875 in
2718 4808 2903 4875 hisce
2970 4808 3265 4875 Senecae
