<?xml version="1.0" encoding="UTF-8"?>
<!DOCTYPE html PUBLIC "-//W3C//DTD XHTML 1.0 Transitional//EN"
    "http://www.w3.org/TR/xhtml1/DTD/xhtml1-transitional.dtd">
<html xmlns="http://www.w3.org/1999/xhtml" xml:lang="en" lang="en">
 <head>
  <title>
</title>
<meta http-equiv="Content-Type" content="text/html;charset=utf-8" />
  <meta name='ocr-system' content='tesseract 3.04.00' />
  <meta name='ocr-capabilities' content='ocr_page ocr_carea ocr_par ocr_line ocrx_word'/>
</head>
<body>
  <div class='ocr_page' id='page_1' title='image "./deimitationehor01senegoog_0057.png"; bbox 0 0 3759 5400; ppageno 0'>
   <div class='ocr_carea' id='block_1_1' title="bbox 1636 183 2065 246">
    <p class='ocr_par' dir='ltr' id='par_1_1' title="bbox 1636 183 2065 246">
     <span class='ocr_line' id='line_1_1' title="bbox 1636 183 2065 246; baseline -0.005 -16"><span class='ocrx_word' id='word_1_1' title='bbox 1636 183 2065 246; x_wconf 73' lang='lat'>..53-</span> 
     </span>
    </p>
   </div>
   <div class='ocr_carea' id='block_1_2' title="bbox 1191 352 2519 438">
    <p class='ocr_par' dir='ltr' id='par_1_2' title="bbox 1191 352 2519 438">
     <span class='ocr_line' id='line_1_2' title="bbox 1191 352 2519 438; baseline -0.002 0"><span class='ocrx_word' id='word_1_2' title='bbox 1191 354 1522 438; x_wconf 84' lang='lat' dir='ltr'>Imitatio</span> <span class='ocrx_word' id='word_1_3' title='bbox 1581 352 2005 437; x_wconf 85' lang='lat' dir='ltr'>Horatiana</span> <span class='ocrx_word' id='word_1_4' title='bbox 2054 352 2137 435; x_wconf 90' lang='lat' dir='ltr'>in</span> <span class='ocrx_word' id='word_1_5' title='bbox 2191 352 2519 437; x_wconf 84' lang='lat' dir='ltr'>Octavia.</span> 
     </span>
    </p>
   </div>
   <div class='ocr_carea' id='block_1_3' title="bbox 435 491 3269 4852">
    <p class='ocr_par' dir='ltr' id='par_1_3' title="bbox 447 491 3253 1203">
     <span class='ocr_line' id='line_1_3' title="bbox 618 491 3249 576; baseline -0.001 -18"><span class='ocrx_word' id='word_1_6' title='bbox 618 492 700 558; x_wconf 91' lang='lat' dir='ltr'>In</span> <span class='ocrx_word' id='word_1_7' title='bbox 746 494 1022 561; x_wconf 88' lang='lat' dir='ltr'>canticis</span> <span class='ocrx_word' id='word_1_8' title='bbox 1071 492 1256 559; x_wconf 89' lang='lat' dir='ltr'>chori</span> <span class='ocrx_word' id='word_1_9' title='bbox 1299 492 1496 560; x_wconf 90' lang='lat' dir='ltr'>huius</span> <span class='ocrx_word' id='word_1_10' title='bbox 1542 496 1940 576; x_wconf 74' lang='lat' dir='ltr'>praetextae</span> <span class='ocrx_word' id='word_1_11' title='bbox 1985 491 2190 557; x_wconf 89' lang='lat' dir='ltr'>multo</span> <span class='ocrx_word' id='word_1_12' title='bbox 2259 492 2471 558; x_wconf 90' lang='lat' dir='ltr'>minor</span> <span class='ocrx_word' id='word_1_13' title='bbox 2517 498 2621 559; x_wconf 89' lang='lat' dir='ltr'>est</span> <span class='ocrx_word' id='word_1_14' title='bbox 2667 512 2978 560; x_wconf 88' lang='lat' dir='ltr'>numerus</span> <span class='ocrx_word' id='word_1_15' title='bbox 3026 509 3249 558; x_wconf 91' lang='lat' dir='ltr'>eorum</span> 
     </span>
     <span class='ocr_line' id='line_1_4' title="bbox 449 594 3250 681; baseline 0 -21"><span class='ocrx_word' id='word_1_16' title='bbox 449 594 760 680; x_wconf 89' lang='lat' dir='ltr'>locorum,</span> <span class='ocrx_word' id='word_1_17' title='bbox 819 597 931 678; x_wconf 86' lang='lat' dir='ltr'>qui</span> <span class='ocrx_word' id='word_1_18' title='bbox 981 617 1061 664; x_wconf 87' lang='lat' dir='ltr'>ex</span> <span class='ocrx_word' id='word_1_19' title='bbox 1111 596 1481 664; x_wconf 77' lang='lat' dir='ltr'>imitatione</span> <span class='ocrx_word' id='word_1_20' title='bbox 1524 597 1793 664; x_wconf 87' lang='lat' dir='ltr'>Horatii</span> <span class='ocrx_word' id='word_1_21' title='bbox 1837 595 1969 662; x_wconf 89' lang='lat' dir='ltr'>orti</span> <span class='ocrx_word' id='word_1_22' title='bbox 2012 603 2189 678; x_wconf 91' lang='lat' dir='ltr'>sunt,</span> <span class='ocrx_word' id='word_1_23' title='bbox 2252 615 2447 678; x_wconf 89' lang='lat' dir='ltr'>quam</span> <span class='ocrx_word' id='word_1_24' title='bbox 2501 598 2571 663; x_wconf 90' lang='lat' dir='ltr'>in</span> <span class='ocrx_word' id='word_1_25' title='bbox 2631 597 2913 681; x_wconf 87' lang='lat' dir='ltr'>singulis</span> <span class='ocrx_word' id='word_1_26' title='bbox 2958 595 3250 663; x_wconf 82' lang='lat' dir='ltr'>Senecae</span> 
     </span>
     <span class='ocr_line' id='line_1_5' title="bbox 452 699 3253 786; baseline -0 -21"><span class='ocrx_word' id='word_1_27' title='bbox 452 702 839 786; x_wconf 86' lang='lat' dir='ltr'>tragoediis,</span> <span class='ocrx_word' id='word_1_28' title='bbox 904 703 1193 768; x_wconf 88' lang='lat' dir='ltr'>fortasse</span> <span class='ocrx_word' id='word_1_29' title='bbox 1259 703 1431 781; x_wconf 89' lang='lat' dir='ltr'>quod</span> <span class='ocrx_word' id='word_1_30' title='bbox 1495 707 1965 784; x_wconf 78' lang='lat' dir='ltr'>argumentum</span> <span class='ocrx_word' id='word_1_31' title='bbox 2026 699 2293 766; x_wconf 84' lang='lat' dir='ltr'>fabulae</span> <span class='ocrx_word' id='word_1_32' title='bbox 2360 703 2527 768; x_wconf 84' lang='lat' dir='ltr'>adeo</span> <span class='ocrx_word' id='word_1_33' title='bbox 2574 703 2645 767; x_wconf 90' lang='lat' dir='ltr'>in</span> <span class='ocrx_word' id='word_1_34' title='bbox 2688 700 2967 768; x_wconf 89' lang='lat' dir='ltr'>historia</span> <span class='ocrx_word' id='word_1_35' title='bbox 3029 718 3253 766; x_wconf 89' lang='lat' dir='ltr'>rerum</span> 
     </span>
     <span class='ocr_line' id='line_1_6' title="bbox 452 805 3253 887; baseline -0.001 -16"><span class='ocrx_word' id='word_1_36' title='bbox 452 806 662 887; x_wconf 88' lang='lat' dir='ltr'>ipsius</span> <span class='ocrx_word' id='word_1_37' title='bbox 708 807 995 874; x_wconf 86' lang='lat' dir='ltr'>Neronis</span> <span class='ocrx_word' id='word_1_38' title='bbox 1041 805 1366 882; x_wconf 79' lang='lat' dir='ltr'>consistit,</span> <span class='ocrx_word' id='word_1_39' title='bbox 1416 811 1492 871; x_wconf 89' lang='lat' dir='ltr'>ut</span> <span class='ocrx_word' id='word_1_40' title='bbox 1535 805 1646 872; x_wconf 83' lang='lat' dir='ltr'>vel</span> <span class='ocrx_word' id='word_1_41' title='bbox 1699 805 2123 886; x_wconf 89' lang='lat' dir='ltr'>antiquorum</span> <span class='ocrx_word' id='word_1_42' title='bbox 2154 810 2525 887; x_wconf 89' lang='lat' dir='ltr'>temporum</span> <span class='ocrx_word' id='word_1_43' title='bbox 2569 805 3102 872; x_wconf 82' lang='lat' dir='ltr'>recordationem</span> <span class='ocrx_word' id='word_1_44' title='bbox 3133 808 3253 869; x_wconf 88' lang='lat' dir='ltr'>aut-</span> 
     </span>
     <span class='ocr_line' id='line_1_7' title="bbox 447 909 3253 1008; baseline -0.001 -32"><span class='ocrx_word' id='word_1_45' title='bbox 447 909 734 978; x_wconf 87' lang='lat' dir='ltr'>usitatas</span> <span class='ocrx_word' id='word_1_46' title='bbox 755 911 1126 978; x_wconf 88' lang='lat' dir='ltr'>sententias</span> <span class='ocrx_word' id='word_1_47' title='bbox 1144 911 1375 992; x_wconf 79' lang='lat' dir='ltr'>procul</span> <span class='ocrx_word' id='word_1_48' title='bbox 1399 914 1769 990; x_wconf 84' lang='lat' dir='ltr'>removeat3</span> <span class='ocrx_word' id='word_1_49' title='bbox 1801 910 1929 976; x_wconf 85' lang='lat' dir='ltr'>sed</span> <span class='ocrx_word' id='word_1_50' title='bbox 1942 927 2086 974; x_wconf 90' lang='lat' dir='ltr'>cum</span> <span class='ocrx_word' id='word_1_51' title='bbox 2106 914 2307 991; x_wconf 89' lang='lat' dir='ltr'>poeta</span> <span class='ocrx_word' id='word_1_52' title='bbox 2328 911 2414 975; x_wconf 86' lang='lat' dir='ltr'>ad</span> <span class='ocrx_word' id='word_1_53' title='bbox 2437 910 2721 992; x_wconf 83' lang='lat' dir='ltr'>pristina</span> <span class='ocrx_word' id='word_1_54' title='bbox 2740 915 3059 992; x_wconf 87' lang='lat' dir='ltr'>tempora,</span> <span class='ocrx_word' id='word_1_55' title='bbox 3077 909 3253 1008; x_wconf 79' lang='lat' dir='ltr'>quod</span> 
     </span>
     <span class='ocr_line' id='line_1_8' title="bbox 447 1013 3252 1098; baseline 0 -19"><span class='ocrx_word' id='word_1_56' title='bbox 447 1033 602 1080; x_wconf 87' lang='lat' dir='ltr'>raro</span> <span class='ocrx_word' id='word_1_57' title='bbox 627 1014 722 1098; x_wconf 84' lang='lat' dir='ltr'>fit,</span> <span class='ocrx_word' id='word_1_58' title='bbox 745 1015 1021 1097; x_wconf 87' lang='lat' dir='ltr'>respicit</span> <span class='ocrx_word' id='word_1_59' title='bbox 1043 1021 1162 1081; x_wconf 93' lang='lat' dir='ltr'>aut</span> <span class='ocrx_word' id='word_1_60' title='bbox 1182 1015 1697 1098; x_wconf 86' lang='lat' dir='ltr'>cogitationibus</span> <span class='ocrx_word' id='word_1_61' title='bbox 1718 1015 1828 1081; x_wconf 89' lang='lat' dir='ltr'>vel</span> <span class='ocrx_word' id='word_1_62' title='bbox 1858 1017 1942 1080; x_wconf 88' lang='lat' dir='ltr'>de</span> <span class='ocrx_word' id='word_1_63' title='bbox 1962 1015 2203 1081; x_wconf 88' lang='lat' dir='ltr'>amoris</span> <span class='ocrx_word' id='word_1_64' title='bbox 2226 1015 2529 1095; x_wconf 88' lang='lat' dir='ltr'>potentia</span> <span class='ocrx_word' id='word_1_65' title='bbox 2554 1014 2663 1082; x_wconf 89' lang='lat' dir='ltr'>vel</span> <span class='ocrx_word' id='word_1_66' title='bbox 2690 1016 2772 1082; x_wconf 91' lang='lat' dir='ltr'>de</span> <span class='ocrx_word' id='word_1_67' title='bbox 2793 1013 3252 1082; x_wconf 87' lang='lat' dir='ltr'>imbecillitate</span> 
     </span>
     <span class='ocr_line' id='line_1_9' title="bbox 451 1116 3253 1203; baseline 0.001 -22"><span class='ocrx_word' id='word_1_68' title='bbox 451 1116 759 1186; x_wconf 83' lang='lat' dir='ltr'>fortunae</span> <span class='ocrx_word' id='word_1_69' title='bbox 781 1119 1179 1186; x_wconf 85' lang='lat' dir='ltr'>sublimioris</span> <span class='ocrx_word' id='word_1_70' title='bbox 1200 1124 1421 1203; x_wconf 88' lang='lat' dir='ltr'>vacat,</span> <span class='ocrx_word' id='word_1_71' title='bbox 1431 1119 1786 1185; x_wconf 87' lang='lat' dir='ltr'>manifesta</span> <span class='ocrx_word' id='word_1_72' title='bbox 1806 1119 2196 1186; x_wconf 84' lang='lat' dir='ltr'>imitationis</span> <span class='ocrx_word' id='word_1_73' title='bbox 2214 1118 2626 1184; x_wconf 87' lang='lat' dir='ltr'>Horatianae</span> <span class='ocrx_word' id='word_1_74' title='bbox 2647 1119 2891 1185; x_wconf 85' lang='lat' dir='ltr'>indicia</span> <span class='ocrx_word' id='word_1_75' title='bbox 2908 1120 3253 1200; x_wconf 85' lang='lat' dir='ltr'>adparent.</span> 
     </span>
    </p>

    <p class='ocr_par' dir='ltr' id='par_1_4' title="bbox 435 1220 3263 3497">
     <span class='ocr_line' id='line_1_10' title="bbox 656 1220 3255 1308; baseline -0 -21"><span class='ocrx_word' id='word_1_76' title='bbox 656 1222 894 1304; x_wconf 87' lang='lat' dir='ltr'>Itaque</span> <span class='ocrx_word' id='word_1_77' title='bbox 914 1223 984 1288; x_wconf 90' lang='lat' dir='ltr'>in</span> <span class='ocrx_word' id='word_1_78' title='bbox 1015 1224 1274 1290; x_wconf 88' lang='lat' dir='ltr'>cantico</span> <span class='ocrx_word' id='word_1_79' title='bbox 1293 1242 1356 1292; x_wconf 89' lang='lat' dir='ltr'>v.</span> <span class='ocrx_word' id='word_1_80' title='bbox 1381 1225 1724 1300; x_wconf 78' lang='lat'><strong>273—376</strong></span> <span class='ocrx_word' id='word_1_81' title='bbox 1756 1241 1996 1290; x_wconf 85' lang='lat' dir='ltr'>versus</span> <span class='ocrx_word' id='word_1_82' title='bbox 2016 1225 2359 1289; x_wconf 82' lang='lat'>294—295</span> <span class='ocrx_word' id='word_1_83' title='bbox 2379 1220 2482 1286; x_wconf 77' lang='lat' dir='ltr'><em>illi</em></span> <span class='ocrx_word' id='word_1_84' title='bbox 2493 1242 2729 1304; x_wconf 70' lang='lat' dir='ltr'>reyes</span> <span class='ocrx_word' id='word_1_85' title='bbox 2746 1226 2863 1287; x_wconf 77' lang='lat' dir='ltr'>hac</span> <span class='ocrx_word' id='word_1_86' title='bbox 2885 1220 3255 1308; x_wconf 77' lang='lat' dir='ltr'>expulerunt</span> 
     </span>
     <span class='ocr_line' id='line_1_11' title="bbox 453 1326 3257 1410; baseline 0.001 -21"><span class='ocrx_word' id='word_1_87' title='bbox 453 1361 532 1372; x_wconf 92' lang='lat'>—-</span> <span class='ocrx_word' id='word_1_88' title='bbox 580 1327 730 1390; x_wconf 79' lang='lat' dir='ltr'>urbe</span> <span class='ocrx_word' id='word_1_89' title='bbox 753 1330 1168 1409; x_wconf 75' lang='lat' dir='ltr'>superbos,</span> <span class='ocrx_word' id='word_1_90' title='bbox 1215 1327 1328 1409; x_wconf 88' lang='lat' dir='ltr'>qui</span> <span class='ocrx_word' id='word_1_91' title='bbox 1372 1326 1660 1396; x_wconf 83' lang='lat' dir='ltr'>fortasse</span> <span class='ocrx_word' id='word_1_92' title='bbox 1681 1326 2005 1410; x_wconf 88' lang='lat' dir='ltr'>originem</span> <span class='ocrx_word' id='word_1_93' title='bbox 2028 1331 2385 1392; x_wconf 84' lang='lat' dir='ltr'>traxerunt</span> <span class='ocrx_word' id='word_1_94' title='bbox 2430 1345 2514 1393; x_wconf 85' lang='lat' dir='ltr'>ex</span> <span class='ocrx_word' id='word_1_95' title='bbox 2563 1327 2724 1393; x_wconf 92' lang='lat' dir='ltr'>Hor.</span> <span class='ocrx_word' id='word_1_96' title='bbox 2770 1329 2824 1394; x_wconf 84' lang='grc' dir='ltr'>Ι.</span> <span class='ocrx_word' id='word_1_97' title='bbox 2859 1330 2961 1394; x_wconf 83' lang='grc'>12.</span> <span class='ocrx_word' id='word_1_98' title='bbox 2997 1330 3257 1395; x_wconf 84' lang='grc'><strong>33-34</strong></span> 
     </span>
     <span class='ocr_line' id='line_1_12' title="bbox 450 1429 3257 1518; baseline 0.002 -26"><span class='ocrx_word' id='word_1_99' title='bbox 450 1429 819 1514; x_wconf 75' lang='lat' dir='ltr'>(Romulum</span> <span class='ocrx_word' id='word_1_100' title='bbox 816 1442 964 1518; x_wconf 73' lang='lat' dir='ltr'>poet</span> <span class='ocrx_word' id='word_1_101' title='bbox 975 1433 1086 1496; x_wconf 76' lang='lat' dir='ltr'>hoe</span> <span class='ocrx_word' id='word_1_102' title='bbox 1086 1444 1275 1518; x_wconf 74' lang='lat' dir='ltr'>priua</span> <span class='ocrx_word' id='word_1_103' title='bbox 1283 1455 1366 1497; x_wconf 80' lang='lat' dir='ltr'>an</span> <span class='ocrx_word' id='word_1_104' title='bbox 1385 1436 1656 1516; x_wconf 63' lang='lat' dir='ltr'>quietem</span> <span class='ocrx_word' id='word_1_105' title='bbox 1670 1468 1745 1480; x_wconf 93' lang='lat'><strong>—</strong></span> <span class='ocrx_word' id='word_1_106' title='bbox 1762 1431 2041 1518; x_wconf 77' lang='lat' dir='ltr'>Pompili</span> <span class='ocrx_word' id='word_1_107' title='bbox 2053 1451 2411 1515; x_wconf 67' lang='lat' dir='ltr'>requam</span> <span class='ocrx_word' id='word_1_108' title='bbox 2425 1455 2745 1496; x_wconf 76' lang='lat' dir='ltr'>memorem</span> <span class='ocrx_word' id='word_1_109' title='bbox 2764 1454 2847 1496; x_wconf 75' lang='lat' dir='ltr'>an</span> <span class='ocrx_word' id='word_1_110' title='bbox 2868 1435 3257 1514; x_wconf 70' lang='lat' dir='ltr'>superbos</span> 
     </span>
     <span class='ocr_line' id='line_1_13' title="bbox 453 1535 3255 1622; baseline 0.001 -23"><span class='ocrx_word' id='word_1_111' title='bbox 453 1535 909 1615; x_wconf 68' lang='lat' dir='ltr'>Tqum‘snii</span> <span class='ocrx_word' id='word_1_112' title='bbox 929 1539 1201 1618; x_wconf 72' lang='lat' dir='ltr'>faeces</span> <span class='ocrx_word' id='word_1_113' title='bbox 1220 1535 1716 1622; x_wconf 88' lang='lat' dir='ltr'>etc.),breviter</span> <span class='ocrx_word' id='word_1_114' title='bbox 1747 1536 2024 1601; x_wconf 87' lang='lat' dir='ltr'>attactis</span> <span class='ocrx_word' id='word_1_115' title='bbox 2057 1536 2125 1601; x_wconf 90' lang='lat' dir='ltr'>in</span> <span class='ocrx_word' id='word_1_116' title='bbox 2146 1535 2405 1602; x_wconf 87' lang='lat' dir='ltr'>cantico</span> <span class='ocrx_word' id='word_1_117' title='bbox 2435 1556 2495 1603; x_wconf 93' lang='lat' dir='ltr'>v.</span> <span class='ocrx_word' id='word_1_118' title='bbox 2526 1538 2889 1613; x_wconf 80' lang='grc'><strong>762-779,</strong></span> <span class='ocrx_word' id='word_1_119' title='bbox 2933 1553 3062 1615; x_wconf 87' lang='lat' dir='ltr'>quo</span> <span class='ocrx_word' id='word_1_120' title='bbox 3085 1536 3255 1618; x_wconf 90' lang='lat' dir='ltr'>Pop-</span> 
     </span>
     <span class='ocr_line' id='line_1_14' title="bbox 452 1639 3256 1723; baseline 0.001 -19"><span class='ocrx_word' id='word_1_121' title='bbox 452 1657 663 1721; x_wconf 87' lang='lat' dir='ltr'>paeae</span> <span class='ocrx_word' id='word_1_122' title='bbox 708 1639 1134 1721; x_wconf 86' lang='lat' dir='ltr'>pulchritudo</span> <span class='ocrx_word' id='word_1_123' title='bbox 1154 1640 1552 1723; x_wconf 88' lang='lat' dir='ltr'>celebratur,</span> <span class='ocrx_word' id='word_1_124' title='bbox 1601 1639 1904 1721; x_wconf 87' lang='lat' dir='ltr'>exempla</span> <span class='ocrx_word' id='word_1_125' title='bbox 1950 1657 2241 1705; x_wconf 88' lang='lat' dir='ltr'>amorum</span> <span class='ocrx_word' id='word_1_126' title='bbox 2285 1639 2469 1708; x_wconf 88' lang='lat' dir='ltr'>Iovis</span> <span class='ocrx_word' id='word_1_127' title='bbox 2517 1641 2603 1706; x_wconf 89' lang='lat' dir='ltr'>ad</span> <span class='ocrx_word' id='word_1_128' title='bbox 2649 1639 2917 1706; x_wconf 87' lang='lat' dir='ltr'>Horatii</span> <span class='ocrx_word' id='word_1_129' title='bbox 2962 1639 3256 1706; x_wconf 90' lang='lat' dir='ltr'>carmina</span> 
     </span>
     <span class='ocr_line' id='line_1_15' title="bbox 452 1742 3256 1831; baseline 0.001 -24"><span class='ocrx_word' id='word_1_130' title='bbox 452 1742 693 1808; x_wconf 84' lang='lat' dir='ltr'>referri</span> <span class='ocrx_word' id='word_1_131' title='bbox 755 1761 953 1824; x_wconf 90' lang='lat' dir='ltr'>posse</span> <span class='ocrx_word' id='word_1_132' title='bbox 1007 1743 1321 1814; x_wconf 82' lang='lat' dir='ltr'>videntur</span> <span class='ocrx_word' id='word_1_133' title='bbox 1387 1745 1600 1811; x_wconf 87' lang='lat' dir='ltr'>veluti</span> <span class='ocrx_word' id='word_1_134' title='bbox 1663 1743 1732 1809; x_wconf 91' lang='lat' dir='ltr'>in</span> <span class='ocrx_word' id='word_1_135' title='bbox 1799 1763 1864 1811; x_wconf 87' lang='lat' dir='ltr'>v.</span> <span class='ocrx_word' id='word_1_136' title='bbox 1904 1745 2247 1809; x_wconf 82' lang='lat'>766—767</span> <span class='ocrx_word' id='word_1_137' title='bbox 2309 1744 2489 1808; x_wconf 85' lang='lat' dir='ltr'>modo</span> <span class='ocrx_word' id='word_1_138' title='bbox 2541 1767 2665 1830; x_wconf 78' lang='lat' dir='ltr'>per</span> <span class='ocrx_word' id='word_1_139' title='bbox 2714 1744 2957 1828; x_wconf 75' lang='lat' dir='ltr'>fluctus</span> <span class='ocrx_word' id='word_1_140' title='bbox 2999 1756 3256 1831; x_wconf 78' lang='lat' dir='ltr'>raptam</span> 
     </span>
     <span class='ocr_line' id='line_1_16' title="bbox 452 1847 3258 1934; baseline -0 -21"><span class='ocrx_word' id='word_1_141' title='bbox 452 1849 950 1928; x_wconf 72' lang='lat' dir='ltr'>Europen—</span> <span class='ocrx_word' id='word_1_142' title='bbox 971 1857 1320 1918; x_wconf 70' lang='lat' dir='ltr'>tam-mn</span> <span class='ocrx_word' id='word_1_143' title='bbox 1349 1861 1517 1933; x_wconf 71' lang='lat' dir='ltr'>teryo</span> <span class='ocrx_word' id='word_1_144' title='bbox 1549 1857 1842 1934; x_wconf 71' lang='lat' dir='ltr'>portasse</span> <span class='ocrx_word' id='word_1_145' title='bbox 1885 1855 2206 1914; x_wconf 66' lang='lat' dir='ltr'>traam</span> <span class='ocrx_word' id='word_1_146' title='bbox 2249 1849 2335 1913; x_wconf 84' lang='lat' dir='ltr'>ad</span> <span class='ocrx_word' id='word_1_147' title='bbox 2380 1847 2505 1914; x_wconf 86' lang='lat' dir='ltr'>HI.</span> <span class='ocrx_word' id='word_1_148' title='bbox 2551 1851 2651 1914; x_wconf 81' lang='lat'>26.</span> <span class='ocrx_word' id='word_1_149' title='bbox 2699 1851 2974 1914; x_wconf 79' lang='lat'><strong>25-28,</strong></span> <span class='ocrx_word' id='word_1_150' title='bbox 3046 1847 3157 1913; x_wconf 75' lang='lat' dir='ltr'>Sic</span> <span class='ocrx_word' id='word_1_151' title='bbox 3200 1858 3258 1913; x_wconf 84' lang='lat' dir='ltr'>et</span> 
     </span>
     <span class='ocr_line' id='line_1_17' title="bbox 451 1951 3261 2033; baseline -0.001 -16"><span class='ocrx_word' id='word_1_152' title='bbox 451 1953 789 2033; x_wconf 70' lang='lat' dir='ltr'>Europe</span> <span class='ocrx_word' id='word_1_153' title='bbox 837 1953 1080 2017; x_wconf 79' lang='lat' dir='ltr'>niveum</span> <span class='ocrx_word' id='word_1_154' title='bbox 1126 1957 1398 2022; x_wconf 77' lang='lat' dir='ltr'>doloso</span> <span class='ocrx_word' id='word_1_155' title='bbox 1455 1989 1530 2004; x_wconf 91' lang='lat'>-·</span> <span class='ocrx_word' id='word_1_156' title='bbox 1574 1951 1839 2016; x_wconf 76' lang='lat' dir='ltr'>credidit</span> <span class='ocrx_word' id='word_1_157' title='bbox 1902 1961 2148 2018; x_wconf 72' lang='lat' dir='ltr'>tauro</span> <span class='ocrx_word' id='word_1_158' title='bbox 2194 1953 2319 2018; x_wconf 78' lang='lat' dir='ltr'>etc.</span> <span class='ocrx_word' id='word_1_159' title='bbox 2383 1956 2453 2018; x_wconf 80' lang='lat' dir='ltr'>et</span> <span class='ocrx_word' id='word_1_160' title='bbox 2496 1971 2557 2020; x_wconf 87' lang='lat' dir='ltr'>V.</span> <span class='ocrx_word' id='word_1_161' title='bbox 2612 1954 2957 2019; x_wconf 76' lang='lat'><strong>771—772</strong></span> <span class='ocrx_word' id='word_1_162' title='bbox 3026 1964 3080 2017; x_wconf 85' lang='lat' dir='ltr'>et</span> <span class='ocrx_word' id='word_1_163' title='bbox 3143 1951 3261 2017; x_wconf 68' lang='lat' dir='ltr'>tibi</span> 
     </span>
     <span class='ocr_line' id='line_1_18' title="bbox 450 2055 3259 2144; baseline 0.002 -28"><span class='ocrx_word' id='word_1_164' title='bbox 450 2055 760 2138; x_wconf 74' lang='lat' dir='ltr'>quondam</span> <span class='ocrx_word' id='word_1_165' title='bbox 789 2059 894 2120; x_wconf 78' lang='lat' dir='ltr'>eui</span> <span class='ocrx_word' id='word_1_166' title='bbox 917 2059 1184 2122; x_wconf 76' lang='lat' dir='ltr'>miranti</span> <span class='ocrx_word' id='word_1_167' title='bbox 1199 2055 1500 2144; x_wconf 73' lang='lat' dir='ltr'>-fide,</span> <span class='ocrx_word' id='word_1_168' title='bbox 1546 2060 1787 2137; x_wconf 82' lang='lat' dir='ltr'>Danae,</span> <span class='ocrx_word' id='word_1_169' title='bbox 1815 2057 2092 2135; x_wconf 74' lang='lat' dir='ltr'>fluaeitin</span> <span class='ocrx_word' id='word_1_170' title='bbox 2121 2078 2278 2120; x_wconf 81' lang='lat' dir='ltr'>awro</span> <span class='ocrx_word' id='word_1_171' title='bbox 2309 2058 2395 2122; x_wconf 86' lang='lat' dir='ltr'>ad</span> <span class='ocrx_word' id='word_1_172' title='bbox 2424 2056 2584 2123; x_wconf 91' lang='lat' dir='ltr'>Hor.</span> <span class='ocrx_word' id='word_1_173' title='bbox 2617 2056 2746 2122; x_wconf 90' lang='grc' dir='ltr'>ΙΠ.</span> <span class='ocrx_word' id='word_1_174' title='bbox 2781 2060 2881 2122; x_wconf 91' lang='grc'>16.</span> <span class='ocrx_word' id='word_1_175' title='bbox 2914 2059 3084 2122; x_wconf 88' lang='grc'>7-8</span> <span class='ocrx_word' id='word_1_176' title='bbox 3100 2057 3259 2142; x_wconf 79' lang='lat' dir='ltr'>fore</span> 
     </span>
     <span class='ocr_line' id='line_1_19' title="bbox 453 2160 3259 2248; baseline 0.002 -26"><span class='ocrx_word' id='word_1_177' title='bbox 453 2161 615 2223; x_wconf 81' lang='lat' dir='ltr'>enim</span> <span class='ocrx_word' id='word_1_178' title='bbox 660 2169 856 2222; x_wconf 79' lang='lat' dir='ltr'>tutum</span> <span class='ocrx_word' id='word_1_179' title='bbox 899 2165 1020 2225; x_wconf 78' lang='lat' dir='ltr'>iter</span> <span class='ocrx_word' id='word_1_180' title='bbox 1064 2197 1149 2206; x_wconf 86' lang='lat'>--</span> <span class='ocrx_word' id='word_1_181' title='bbox 1199 2184 1490 2248; x_wconf 71' lang='lat' dir='ltr'>converso</span> <span class='ocrx_word' id='word_1_182' title='bbox 1533 2162 1602 2225; x_wconf 79' lang='lat' dir='ltr'>in</span> <span class='ocrx_word' id='word_1_183' title='bbox 1639 2161 1919 2246; x_wconf 79' lang='lat' dir='ltr'>pretium</span> <span class='ocrx_word' id='word_1_184' title='bbox 1981 2160 2112 2226; x_wconf 85' lang='lat' dir='ltr'>deo.</span> <span class='ocrx_word' id='word_1_185' title='bbox 2176 2160 2601 2227; x_wconf 85' lang='lat' dir='ltr'>Manifestior</span> <span class='ocrx_word' id='word_1_186' title='bbox 2664 2166 2771 2227; x_wconf 87' lang='lat' dir='ltr'>est</span> <span class='ocrx_word' id='word_1_187' title='bbox 2835 2161 3119 2227; x_wconf 79' lang='lat' dir='ltr'>imitatio</span> <span class='ocrx_word' id='word_1_188' title='bbox 3186 2161 3259 2228; x_wconf 88' lang='lat' dir='ltr'>in</span> 
     </span>
     <span class='ocr_line' id='line_1_20' title="bbox 457 2261 3257 2347; baseline 0.002 -22"><span class='ocrx_word' id='word_1_189' title='bbox 457 2261 718 2328; x_wconf 84' lang='lat' dir='ltr'>cantico</span> <span class='ocrx_word' id='word_1_190' title='bbox 764 2283 825 2330; x_wconf 91' lang='lat' dir='ltr'>v.</span> <span class='ocrx_word' id='word_1_191' title='bbox 873 2265 1240 2347; x_wconf 88' lang='grc'>806-819,</span> <span class='ocrx_word' id='word_1_192' title='bbox 1282 2264 1398 2332; x_wconf 90' lang='lat' dir='ltr'>ubi</span> <span class='ocrx_word' id='word_1_193' title='bbox 1443 2265 1682 2334; x_wconf 82' lang='lat' dir='ltr'>chorus</span> <span class='ocrx_word' id='word_1_194' title='bbox 1727 2263 2048 2345; x_wconf 87' lang='lat' dir='ltr'>impetum</span> <span class='ocrx_word' id='word_1_195' title='bbox 2091 2263 2315 2345; x_wconf 80' lang='lat' dir='ltr'>plebis</span> <span class='ocrx_word' id='word_1_196' title='bbox 2338 2263 2409 2331; x_wconf 88' lang='lat' dir='ltr'>iu</span> <span class='ocrx_word' id='word_1_197' title='bbox 2440 2264 2773 2331; x_wconf 86' lang='lat' dir='ltr'>Palatium</span> <span class='ocrx_word' id='word_1_198' title='bbox 2818 2283 2938 2346; x_wconf 91' lang='lat' dir='ltr'>pro</span> <span class='ocrx_word' id='word_1_199' title='bbox 2974 2264 3257 2331; x_wconf 86' lang='lat' dir='ltr'>Octavia</span> 
     </span>
     <span class='ocr_line' id='line_1_21' title="bbox 453 2366 3259 2451; baseline 0.001 -20"><span class='ocrx_word' id='word_1_200' title='bbox 453 2366 809 2448; x_wconf 89' lang='lat' dir='ltr'>repudiata</span> <span class='ocrx_word' id='word_1_201' title='bbox 871 2367 1123 2433; x_wconf 85' lang='lat' dir='ltr'>factum</span> <span class='ocrx_word' id='word_1_202' title='bbox 1186 2387 1227 2433; x_wconf 89' lang='lat' dir='ltr'>a</span> <span class='ocrx_word' id='word_1_203' title='bbox 1291 2368 1557 2436; x_wconf 88' lang='lat' dir='ltr'>Nerone</span> <span class='ocrx_word' id='word_1_204' title='bbox 1615 2385 1838 2434; x_wconf 90' lang='lat' dir='ltr'>amore</span> <span class='ocrx_word' id='word_1_205' title='bbox 1902 2369 2255 2450; x_wconf 87' lang='lat' dir='ltr'>Poppaeae</span> <span class='ocrx_word' id='word_1_206' title='bbox 2317 2367 2588 2436; x_wconf 90' lang='lat' dir='ltr'>incenso</span> <span class='ocrx_word' id='word_1_207' title='bbox 2651 2368 3113 2451; x_wconf 89' lang='lat' dir='ltr'>propulsatum</span> <span class='ocrx_word' id='word_1_208' title='bbox 3174 2367 3259 2434; x_wconf 84' lang='lat' dir='ltr'>i&#39;ri</span> 
     </span>
     <span class='ocr_line' id='line_1_22' title="bbox 455 2468 3256 2554; baseline 0.001 -19"><span class='ocrx_word' id='word_1_209' title='bbox 455 2468 785 2551; x_wconf 85' lang='lat' dir='ltr'>praedicit</span> <span class='ocrx_word' id='word_1_210' title='bbox 847 2477 917 2536; x_wconf 85' lang='lat' dir='ltr'>et</span> <span class='ocrx_word' id='word_1_211' title='bbox 979 2470 1112 2538; x_wconf 83' lang='lat' dir='ltr'>vim</span> <span class='ocrx_word' id='word_1_212' title='bbox 1177 2471 1523 2554; x_wconf 84' lang='lat' dir='ltr'>Cupidinis</span> <span class='ocrx_word' id='word_1_213' title='bbox 1587 2471 1903 2540; x_wconf 86' lang='lat' dir='ltr'>celebrat.</span> <span class='ocrx_word' id='word_1_214' title='bbox 1984 2471 2225 2552; x_wconf 85' lang='lat' dir='ltr'>Itaque</span> <span class='ocrx_word' id='word_1_215' title='bbox 2292 2473 2717 2554; x_wconf 88' lang='lat' dir='ltr'>comparandi</span> <span class='ocrx_word' id='word_1_216' title='bbox 2784 2479 2943 2538; x_wconf 87' lang='lat' dir='ltr'>sunt</span> <span class='ocrx_word' id='word_1_217' title='bbox 3018 2491 3256 2540; x_wconf 87' lang='lat' dir='ltr'>versus</span> 
     </span>
     <span class='ocr_line' id='line_1_23' title="bbox 458 2574 3260 2661; baseline 0.001 -22"><span class='ocrx_word' id='word_1_218' title='bbox 458 2575 804 2641; x_wconf 85' lang='lat'>807-808</span> <span class='ocrx_word' id='word_1_219' title='bbox 851 2577 1086 2640; x_wconf 78' lang='lat' dir='ltr'>invicta</span> <span class='ocrx_word' id='word_1_220' title='bbox 1111 2577 1272 2660; x_wconf 62' lang='lat' dir='ltr'>⁸qem&#39;t</span> <span class='ocrx_word' id='word_1_221' title='bbox 1301 2574 1423 2640; x_wconf 80' lang='lat' dir='ltr'>tela</span> <span class='ocrx_word' id='word_1_222' title='bbox 1459 2578 1816 2658; x_wconf 63' lang='lat' dir='ltr'>Cupido:</span> <span class='ocrx_word' id='word_1_223' title='bbox 1843 2613 1928 2624; x_wconf 91' lang='lat'>—-</span> <span class='ocrx_word' id='word_1_224' title='bbox 1943 2577 2329 2656; x_wconf 67' lang='lat' dir='ltr'>flumemis</span> <span class='ocrx_word' id='word_1_225' title='bbox 2369 2585 2598 2641; x_wconf 70' lang='lat' dir='ltr'>vestros</span> <span class='ocrx_word' id='word_1_226' title='bbox 2643 2577 2855 2641; x_wconf 78' lang='lat' dir='ltr'>obruet</span> <span class='ocrx_word' id='word_1_227' title='bbox 2896 2579 3067 2661; x_wconf 74' lang='lat' dir='ltr'>iqnee</span> <span class='ocrx_word' id='word_1_228' title='bbox 3111 2595 3260 2643; x_wconf 85' lang='lat' dir='ltr'>cum</span> 
     </span>
     <span class='ocr_line' id='line_1_24' title="bbox 453 2677 3261 2769; baseline 0 -23"><span class='ocrx_word' id='word_1_229' title='bbox 453 2678 615 2746; x_wconf 86' lang='lat' dir='ltr'>Hor.</span> <span class='ocrx_word' id='word_1_230' title='bbox 661 2677 750 2745; x_wconf 89' lang='lat' dir='ltr'>H.</span> <span class='ocrx_word' id='word_1_231' title='bbox 798 2683 856 2746; x_wconf 90' lang='lat'>8.</span> <span class='ocrx_word' id='word_1_232' title='bbox 905 2682 988 2745; x_wconf 83' lang='lat'>14</span> <span class='ocrx_word' id='word_1_233' title='bbox 1031 2700 1130 2763; x_wconf 86' lang='lat' dir='ltr'>sq.</span> <span class='ocrx_word' id='word_1_234' title='bbox 1159 2681 1358 2767; x_wconf 76' lang='lat' dir='ltr'>ferae</span> <span class='ocrx_word' id='word_1_235' title='bbox 1402 2693 1459 2745; x_wconf 84' lang='lat' dir='ltr'>et</span> <span class='ocrx_word' id='word_1_236' title='bbox 1508 2683 1826 2763; x_wconf 71' lang='lat' dir='ltr'>Cupido</span> <span class='ocrx_word' id='word_1_237' title='bbox 1875 2720 1949 2729; x_wconf 90' lang='lat'>—</span> <span class='ocrx_word' id='word_1_238' title='bbox 2001 2704 2245 2766; x_wconf 75' lang='lat' dir='ltr'>semper</span> <span class='ocrx_word' id='word_1_239' title='bbox 2305 2685 2689 2747; x_wconf 68' lang='lat' dir='ltr'>ardentes</span> <span class='ocrx_word' id='word_1_240' title='bbox 2730 2702 2955 2769; x_wconf 67' lang='lat' dir='ltr'>acuens</span> <span class='ocrx_word' id='word_1_241' title='bbox 2997 2684 3261 2767; x_wconf 70' lang='lat' dir='ltr'>eaqittae</span> 
     </span>
     <span class='ocr_line' id='line_1_25' title="bbox 454 2782 3260 2879; baseline 0.001 -30"><span class='ocrx_word' id='word_1_242' title='bbox 454 2822 533 2832; x_wconf 93' lang='lat'>—</span> <span class='ocrx_word' id='word_1_243' title='bbox 595 2796 721 2851; x_wconf 82' lang='lat' dir='ltr'>cote</span> <span class='ocrx_word' id='word_1_244' title='bbox 784 2797 1056 2851; x_wconf 79' lang='lat' dir='ltr'>cruenta.</span> <span class='ocrx_word' id='word_1_245' title='bbox 1120 2785 1295 2852; x_wconf 90' lang='lat' dir='ltr'>Item</span> <span class='ocrx_word' id='word_1_246' title='bbox 1340 2785 1473 2853; x_wconf 85' lang='lat' dir='ltr'>iam</span> <span class='ocrx_word' id='word_1_247' title='bbox 1515 2787 1832 2853; x_wconf 88' lang='lat' dir='ltr'>Badenus</span> <span class='ocrx_word' id='word_1_248' title='bbox 1857 2788 1963 2872; x_wconf 25' lang='lat' dir='ltr'>‘ad</span> <span class='ocrx_word' id='word_1_249' title='bbox 2006 2805 2071 2853; x_wconf 84' lang='lat' dir='ltr'>v.</span> <span class='ocrx_word' id='word_1_250' title='bbox 2121 2788 2247 2852; x_wconf 88' lang='lat'>813</span> <span class='ocrx_word' id='word_1_251' title='bbox 2290 2809 2413 2879; x_wconf 67' lang='lat' dir='ltr'>non</span> <span class='ocrx_word' id='word_1_252' title='bbox 2456 2796 2545 2849; x_wconf 69' lang='lat' dir='ltr'>eat</span> <span class='ocrx_word' id='word_1_253' title='bbox 2574 2782 2833 2871; x_wconf 75' lang='lat' dir='ltr'>patiens</span> <span class='ocrx_word' id='word_1_254' title='bbox 2882 2823 2961 2834; x_wconf 97' lang='lat'><strong>—</strong></span> <span class='ocrx_word' id='word_1_255' title='bbox 2988 2782 3260 2869; x_wconf 66' lang='lat' dir='ltr'>fervi-</span> 
     </span>
     <span class='ocr_line' id='line_1_26' title="bbox 454 2890 3256 2977; baseline 0.001 -24"><span class='ocrx_word' id='word_1_256' title='bbox 454 2892 616 2954; x_wconf 73' lang='lat' dir='ltr'>dus</span> <span class='ocrx_word' id='word_1_257' title='bbox 659 2892 796 2955; x_wconf 77' lang='lat' dir='ltr'>irae</span> <span class='ocrx_word' id='word_1_258' title='bbox 822 2890 1170 2976; x_wconf 69' lang='lat' dir='ltr'>facilisque</span> <span class='ocrx_word' id='word_1_259' title='bbox 1210 2892 1348 2977; x_wconf 61' lang='grc' dir='ltr'><strong><em>φορτ·</em></strong></span> <span class='ocrx_word' id='word_1_260' title='bbox 1389 2890 1675 2957; x_wconf 89' lang='lat' dir='ltr'>contulit</span> <span class='ocrx_word' id='word_1_261' title='bbox 1704 2891 1863 2957; x_wconf 87' lang='lat' dir='ltr'>Hor.</span> <span class='ocrx_word' id='word_1_262' title='bbox 1908 2891 1961 2958; x_wconf 92' lang='lat' dir='ltr'>I.</span> <span class='ocrx_word' id='word_1_263' title='bbox 1994 2893 2095 2957; x_wconf 87' lang='lat'>30.</span> <span class='ocrx_word' id='word_1_264' title='bbox 2135 2892 2175 2954; x_wconf 83' lang='lat'>5</span> <span class='ocrx_word' id='word_1_265' title='bbox 2216 2892 2596 2969; x_wconf 67' lang='lat' dir='ltr'>fervidus</span> <span class='ocrx_word' id='word_1_266' title='bbox 2636 2913 2814 2975; x_wconf 81' lang='lat' dir='ltr'>puer.</span> <span class='ocrx_word' id='word_1_267' title='bbox 2863 2890 3055 2957; x_wconf 88' lang='lat' dir='ltr'>Adde</span> <span class='ocrx_word' id='word_1_268' title='bbox 3087 2892 3256 2971; x_wconf 86' lang='lat' dir='ltr'>quod</span> 
     </span>
     <span class='ocr_line' id='line_1_27' title="bbox 453 2992 3262 3077; baseline 0 -18"><span class='ocrx_word' id='word_1_269' title='bbox 453 2998 668 3059; x_wconf 89' lang='lat' dir='ltr'>totum</span> <span class='ocrx_word' id='word_1_270' title='bbox 718 2992 934 3060; x_wconf 91' lang='lat' dir='ltr'>locum</span> <span class='ocrx_word' id='word_1_271' title='bbox 997 2994 1264 3061; x_wconf 87' lang='lat' dir='ltr'>Horatii</span> <span class='ocrx_word' id='word_1_272' title='bbox 1325 2994 1615 3077; x_wconf 90' lang='lat' dir='ltr'>scriptor</span> <span class='ocrx_word' id='word_1_273' title='bbox 1679 2994 2004 3061; x_wconf 85' lang='lat' dir='ltr'>Octaviae</span> <span class='ocrx_word' id='word_1_274' title='bbox 2073 2993 2374 3060; x_wconf 88' lang='lat' dir='ltr'>imitatus</span> <span class='ocrx_word' id='word_1_275' title='bbox 2440 2998 2545 3060; x_wconf 89' lang='lat' dir='ltr'>est</span> <span class='ocrx_word' id='word_1_276' title='bbox 2608 3012 2683 3061; x_wconf 83' lang='lat' dir='ltr'>v..</span> <span class='ocrx_word' id='word_1_277' title='bbox 2740 2995 3085 3060; x_wconf 84' lang='lat'>814-816</span> <span class='ocrx_word' id='word_1_278' title='bbox 3156 2993 3262 3060; x_wconf 76' lang='lat' dir='ltr'>ille</span> 
     </span>
     <span class='ocr_line' id='line_1_28' title="bbox 435 3096 3261 3187; baseline 0.001 -25"><span class='ocrx_word' id='word_1_279' title='bbox 435 3098 720 3181; x_wconf 76' lang='lat' dir='ltr'>ferocem</span> <span class='ocrx_word' id='word_1_280' title='bbox 737 3098 921 3163; x_wconf 63' lang='lat' dir='ltr'>iuuit</span> <span class='ocrx_word' id='word_1_281' title='bbox 931 3098 1337 3164; x_wconf 59' lang='lat' dir='ltr'>Achillem.</span> <span class='ocrx_word' id='word_1_282' title='bbox 1353 3136 1437 3147; x_wconf 91' lang='lat'><strong>—</strong></span> <span class='ocrx_word' id='word_1_283' title='bbox 1451 3096 1711 3185; x_wconf 71' lang='lat' dir='ltr'>pulsare</span> <span class='ocrx_word' id='word_1_284' title='bbox 1729 3099 2156 3187; x_wconf 79' lang='lat' dir='ltr'>lyram,fre9it</span> <span class='ocrx_word' id='word_1_285' title='bbox 2165 3101 2541 3178; x_wconf 72' lang='lat' dir='ltr'>DwnaOS,</span> <span class='ocrx_word' id='word_1_286' title='bbox 2554 3098 2843 3185; x_wconf 59' lang='lat' dir='ltr'>-ss-freqit</span> <span class='ocrx_word' id='word_1_287' title='bbox 2854 3101 3261 3179; x_wconf 67' lang='lat' dir='ltr'>Amdem,</span> 
     </span>
     <span class='ocr_line' id='line_1_29' title="bbox 455 3200 3261 3295; baseline 0 -28"><span class='ocrx_word' id='word_1_288' title='bbox 455 3202 538 3267; x_wconf 82' lang='lat' dir='ltr'>cf.</span> <span class='ocrx_word' id='word_1_289' title='bbox 582 3200 742 3267; x_wconf 85' lang='lat' dir='ltr'>Hor.</span> <span class='ocrx_word' id='word_1_290' title='bbox 786 3200 877 3268; x_wconf 91' lang='lat' dir='ltr'>II.</span> <span class='ocrx_word' id='word_1_291' title='bbox 926 3205 987 3267; x_wconf 84' lang='lat'>4.</span> <span class='ocrx_word' id='word_1_292' title='bbox 1055 3203 1226 3266; x_wconf 83' lang='lat'>2-8</span> <span class='ocrx_word' id='word_1_293' title='bbox 1279 3202 1471 3288; x_wconf 53' lang='lat' dir='ltr'>pauo</span> <span class='ocrx_word' id='word_1_294' title='bbox 1530 3203 1889 3267; x_wconf 76' lang='lat' dir='ltr'>insolentem</span> <span class='ocrx_word' id='word_1_295' title='bbox 1933 3226 2113 3267; x_wconf 74' lang='lat' dir='ltr'>serva</span> <span class='ocrx_word' id='word_1_296' title='bbox 2166 3202 2417 3295; x_wconf 51' lang='lat' dir='ltr'>Briseis</span> <span class='ocrx_word' id='word_1_297' title='bbox 2470 3205 2647 3267; x_wconf 81' lang='lat' dir='ltr'>niveo</span> <span class='ocrx_word' id='word_1_298' title='bbox 2701 3200 2898 3267; x_wconf 77' lang='lat' dir='ltr'>colore</span> <span class='ocrx_word' id='word_1_299' title='bbox 2943 3240 3023 3251; x_wconf 91' lang='lat'>—-</span> <span class='ocrx_word' id='word_1_300' title='bbox 3072 3206 3261 3267; x_wconf 83' lang='lat' dir='ltr'>movit</span> 
     </span>
     <span class='ocr_line' id='line_1_30' title="bbox 457 3302 3263 3395; baseline -0.001 -22"><span class='ocrx_word' id='word_1_301' title='bbox 457 3308 889 3386; x_wconf 60' lang='lat' dir='ltr'>Achillem,</span> <span class='ocrx_word' id='word_1_302' title='bbox 933 3310 1125 3371; x_wconf 72' lang='lat' dir='ltr'>‘movit</span> <span class='ocrx_word' id='word_1_303' title='bbox 1170 3305 1430 3370; x_wconf 82' lang='lat' dir='ltr'>Aiacem</span> <span class='ocrx_word' id='word_1_304' title='bbox 1477 3305 1588 3390; x_wconf 85' lang='lat' dir='ltr'>(ef.</span> <span class='ocrx_word' id='word_1_305' title='bbox 1623 3305 1947 3393; x_wconf 73' lang='lat' dir='ltr'>Danaos)</span> <span class='ocrx_word' id='word_1_306' title='bbox 1982 3302 2309 3371; x_wconf 81' lang='lat' dir='ltr'>Telamone</span> <span class='ocrx_word' id='word_1_307' title='bbox 2352 3319 2572 3371; x_wconf 76' lang='lat' dir='ltr'>natum</span> <span class='ocrx_word' id='word_1_308' title='bbox 2601 3345 2686 3355; x_wconf 92' lang='lat'>—</span> <span class='ocrx_word' id='word_1_309' title='bbox 2714 3308 2944 3395; x_wconf 83' lang='lat' dir='ltr'>forma</span> <span class='ocrx_word' id='word_1_310' title='bbox 2977 3309 3263 3393; x_wconf 79' lang='lat' dir='ltr'>captivae</span> 
     </span>
     <span class='ocr_line' id='line_1_31' title="bbox 453 3410 3259 3497; baseline 0 -22"><span class='ocrx_word' id='word_1_311' title='bbox 453 3412 776 3475; x_wconf 80' lang='lat' dir='ltr'>dominum</span> <span class='ocrx_word' id='word_1_312' title='bbox 814 3410 1181 3475; x_wconf 68' lang='lat' dir='ltr'>Tecmessae.</span> <span class='ocrx_word' id='word_1_313' title='bbox 1237 3448 1304 3459; x_wconf 94' lang='lat'>—</span> <span class='ocrx_word' id='word_1_314' title='bbox 1358 3413 1536 3475; x_wconf 76' lang='lat' dir='ltr'>Arsit</span> <span class='ocrx_word' id='word_1_315' title='bbox 1565 3411 1907 3477; x_wconf 67' lang='lat' dir='ltr'>Atrides</span> <span class='ocrx_word' id='word_1_316' title='bbox 1950 3411 2158 3475; x_wconf 83' lang='lat' dir='ltr'>medio</span> <span class='ocrx_word' id='word_1_317' title='bbox 2202 3414 2271 3475; x_wconf 78' lang='lat' dir='ltr'>in</span> <span class='ocrx_word' id='word_1_318' title='bbox 2300 3413 2619 3497; x_wconf 76' lang='lat' dir='ltr'>triumpho</span> <span class='ocrx_word' id='word_1_319' title='bbox 2648 3448 2737 3460; x_wconf 91' lang='lat'>—</span> <span class='ocrx_word' id='word_1_320' title='bbox 2766 3413 3005 3495; x_wconf 74' lang='lat' dir='ltr'>virqine</span> <span class='ocrx_word' id='word_1_321' title='bbox 3050 3422 3259 3497; x_wconf 77' lang='lat' dir='ltr'>rapta.</span> 
     </span>
    </p>

    <p class='ocr_par' dir='ltr' id='par_1_5' title="bbox 451 3513 3269 4852">
     <span class='ocr_line' id='line_1_32' title="bbox 661 3513 3261 3596; baseline 0 -15"><span class='ocrx_word' id='word_1_322' title='bbox 661 3513 794 3581; x_wconf 89' lang='lat' dir='ltr'>Sed</span> <span class='ocrx_word' id='word_1_323' title='bbox 868 3514 1068 3581; x_wconf 83' lang='lat' dir='ltr'>etiam</span> <span class='ocrx_word' id='word_1_324' title='bbox 1143 3515 1435 3582; x_wconf 88' lang='lat' dir='ltr'>notiores</span> <span class='ocrx_word' id='word_1_325' title='bbox 1497 3514 1765 3581; x_wconf 88' lang='lat' dir='ltr'>Horatii</span> <span class='ocrx_word' id='word_1_326' title='bbox 1838 3514 2212 3582; x_wconf 89' lang='lat' dir='ltr'>sententias</span> <span class='ocrx_word' id='word_1_327' title='bbox 2277 3517 2362 3581; x_wconf 90' lang='lat' dir='ltr'>ad</span> <span class='ocrx_word' id='word_1_328' title='bbox 2429 3532 2595 3596; x_wconf 87' lang='lat' dir='ltr'>opus</span> <span class='ocrx_word' id='word_1_329' title='bbox 2666 3532 2867 3581; x_wconf 91' lang='lat' dir='ltr'>suum</span> <span class='ocrx_word' id='word_1_330' title='bbox 2939 3513 3261 3582; x_wconf 87' lang='lat' dir='ltr'>Octaviae</span> 
     </span>
     <span class='ocr_line' id='line_1_33' title="bbox 455 3617 3262 3701; baseline 0 -15"><span class='ocrx_word' id='word_1_331' title='bbox 455 3619 749 3701; x_wconf 82' lang='lat' dir='ltr'>scriptor</span> <span class='ocrx_word' id='word_1_332' title='bbox 826 3617 1147 3684; x_wconf 85' lang='lat' dir='ltr'>adhibuit.</span> <span class='ocrx_word' id='word_1_333' title='bbox 1213 3618 1382 3686; x_wconf 85' lang='lat' dir='ltr'>Nam</span> <span class='ocrx_word' id='word_1_334' title='bbox 1459 3637 1607 3685; x_wconf 91' lang='lat' dir='ltr'>cum</span> <span class='ocrx_word' id='word_1_335' title='bbox 1665 3618 1734 3685; x_wconf 90' lang='lat' dir='ltr'>in</span> <span class='ocrx_word' id='word_1_336' title='bbox 1795 3620 2095 3687; x_wconf 91' lang='lat' dir='ltr'>amoebei</span> <span class='ocrx_word' id='word_1_337' title='bbox 2172 3619 2357 3685; x_wconf 91' lang='lat' dir='ltr'>chori</span> <span class='ocrx_word' id='word_1_338' title='bbox 2432 3624 2500 3684; x_wconf 87' lang='lat' dir='ltr'>et</span> <span class='ocrx_word' id='word_1_339' title='bbox 2562 3617 2882 3685; x_wconf 86' lang='lat' dir='ltr'>Octaviae</span> <span class='ocrx_word' id='word_1_340' title='bbox 2956 3618 3262 3686; x_wconf 86' lang='lat' dir='ltr'>versibus</span> 
     </span>
     <span class='ocr_line' id='line_1_34' title="bbox 455 3721 3254 3810; baseline -0.001 -19"><span class='ocrx_word' id='word_1_341' title='bbox 455 3726 796 3791; x_wconf 85' lang='lat'>877—881</span> <span class='ocrx_word' id='word_1_342' title='bbox 847 3722 939 3803; x_wconf 93' lang='lat' dir='ltr'>(O</span> <span class='ocrx_word' id='word_1_343' title='bbox 957 3723 1252 3809; x_wconf 67' lang='lat' dir='ltr'>fitneetue</span> <span class='ocrx_word' id='word_1_344' title='bbox 1295 3721 1511 3788; x_wconf 71' lang='lat' dir='ltr'>multis</span> <span class='ocrx_word' id='word_1_345' title='bbox 1569 3722 1793 3810; x_wconf 79' lang='lat' dir='ltr'>populi</span> <span class='ocrx_word' id='word_1_346' title='bbox 1843 3762 1930 3772; x_wconf 92' lang='lat'>—</span> <span class='ocrx_word' id='word_1_347' title='bbox 1974 3724 2271 3808; x_wconf 71' lang='lat' dir='ltr'>diraeque</span> <span class='ocrx_word' id='word_1_348' title='bbox 2314 3725 2539 3807; x_wconf 84' lang='lat' dir='ltr'>favor,</span> <span class='ocrx_word' id='word_1_349' title='bbox 2609 3722 2722 3807; x_wconf 79' lang='lat' dir='ltr'>qui</span> <span class='ocrx_word' id='word_1_350' title='bbox 2778 3745 2918 3785; x_wconf 79' lang='lat' dir='ltr'>cum</span> <span class='ocrx_word' id='word_1_351' title='bbox 2963 3723 3135 3808; x_wconf 79' lang='lat' dir='ltr'>flatu</span> <span class='ocrx_word' id='word_1_352' title='bbox 3186 3762 3254 3773; x_wconf 93' lang='lat'>—</span> 
     </span>
     <span class='ocr_line' id='line_1_35' title="bbox 451 3824 3264 3914; baseline 0 -21"><span class='ocrx_word' id='word_1_353' title='bbox 451 3830 590 3893; x_wconf 81' lang='lat' dir='ltr'>vela</span> <span class='ocrx_word' id='word_1_354' title='bbox 653 3828 912 3892; x_wconf 74' lang='lat' dir='ltr'>secundo</span> <span class='ocrx_word' id='word_1_355' title='bbox 981 3828 1145 3891; x_wconf 70' lang='lat' dir='ltr'>ratis</span> <span class='ocrx_word' id='word_1_356' title='bbox 1206 3824 1485 3914; x_wconf 81' lang='lat' dir='ltr'>implevit</span> <span class='ocrx_word' id='word_1_357' title='bbox 1530 3865 1616 3875; x_wconf 91' lang='lat'>—</span> <span class='ocrx_word' id='word_1_358' title='bbox 1677 3830 1965 3914; x_wconf 73' lang='lat' dir='ltr'>vexitque</span> <span class='ocrx_word' id='word_1_359' title='bbox 2019 3825 2263 3913; x_wconf 75' lang='lat' dir='ltr'>procul,</span> <span class='ocrx_word' id='word_1_360' title='bbox 2331 3825 2671 3911; x_wconf 65' lang='lat' dir='ltr'>languidus</span> <span class='ocrx_word' id='word_1_361' title='bbox 2715 3826 2879 3891; x_wconf 82' lang='lat' dir='ltr'>idem</span> <span class='ocrx_word' id='word_1_362' title='bbox 2923 3864 3007 3875; x_wconf 93' lang='lat'>——</span> <span class='ocrx_word' id='word_1_363' title='bbox 3036 3828 3264 3893; x_wconf 69' lang='lat' dir='ltr'>deserit</span> 
     </span>
     <span class='ocr_line' id='line_1_36' title="bbox 452 3930 3267 4017; baseline -0.001 -19"><span class='ocrx_word' id='word_1_364' title='bbox 452 3932 578 3999; x_wconf 78' lang='lat' dir='ltr'>alto</span> <span class='ocrx_word' id='word_1_365' title='bbox 621 3954 920 4016; x_wconf 73' lang='lat' dir='ltr'>saevoque</span> <span class='ocrx_word' id='word_1_366' title='bbox 963 3931 1162 4011; x_wconf 78' lang='lat' dir='ltr'>mari)</span> <span class='ocrx_word' id='word_1_367' title='bbox 1212 3934 1441 3997; x_wconf 88' lang='lat' dir='ltr'>notum</span> <span class='ocrx_word' id='word_1_368' title='bbox 1485 3930 1650 3999; x_wconf 85' lang='lat' dir='ltr'>illud</span> <span class='ocrx_word' id='word_1_369' title='bbox 1695 3930 1964 3998; x_wconf 81' lang='lat' dir='ltr'>Horatii</span> <span class='ocrx_word' id='word_1_370' title='bbox 2007 3930 2133 3999; x_wconf 88' lang='lat'>111.</span> <span class='ocrx_word' id='word_1_371' title='bbox 2160 3934 2238 4008; x_wconf 65' lang='lat'>2.</span> <span class='ocrx_word' id='word_1_372' title='bbox 2272 3933 2358 3997; x_wconf 79' lang='lat'>20</span> <span class='ocrx_word' id='word_1_373' title='bbox 2402 3930 2669 3995; x_wconf 77' lang='lat' dir='ltr'>arbitrio</span> <span class='ocrx_word' id='word_1_374' title='bbox 2699 3930 3040 4017; x_wconf 70' lang='lat' dir='ltr'>popularis</span> <span class='ocrx_word' id='word_1_375' title='bbox 3069 3954 3267 3996; x_wconf 76' lang='lat' dir='ltr'>aurae</span> 
     </span>
     <span class='ocr_line' id='line_1_37' title="bbox 457 4033 3265 4117; baseline -0.001 -14"><span class='ocrx_word' id='word_1_376' title='bbox 457 4036 647 4103; x_wconf 88' lang='lat' dir='ltr'>initio</span> <span class='ocrx_word' id='word_1_377' title='bbox 706 4034 955 4101; x_wconf 88' lang='lat' dir='ltr'>cantici</span> <span class='ocrx_word' id='word_1_378' title='bbox 998 4034 1372 4102; x_wconf 89' lang='lat' dir='ltr'>subiectum</span> <span class='ocrx_word' id='word_1_379' title='bbox 1417 4039 1486 4101; x_wconf 87' lang='lat' dir='ltr'>et</span> <span class='ocrx_word' id='word_1_380' title='bbox 1530 4034 1904 4117; x_wconf 84' lang='lat' dir='ltr'>exemplum</span> <span class='ocrx_word' id='word_1_381' title='bbox 1950 4052 2154 4101; x_wconf 90' lang='lat' dir='ltr'>aurae</span> <span class='ocrx_word' id='word_1_382' title='bbox 2198 4037 2514 4101; x_wconf 86' lang='lat' dir='ltr'>accurate</span> <span class='ocrx_word' id='word_1_383' title='bbox 2548 4033 3023 4116; x_wconf 85' lang='lat' dir='ltr'>amplificatum</span> <span class='ocrx_word' id='word_1_384' title='bbox 3052 4039 3124 4102; x_wconf 87' lang='lat' dir='ltr'>et</span> <span class='ocrx_word' id='word_1_385' title='bbox 3154 4053 3265 4101; x_wconf 86' lang='lat' dir='ltr'>ex-</span> 
     </span>
     <span class='ocr_line' id='line_1_38' title="bbox 464 4137 3266 4225; baseline -0 -21"><span class='ocrx_word' id='word_1_386' title='bbox 464 4140 711 4207; x_wconf 90' lang='lat' dir='ltr'>cultum</span> <span class='ocrx_word' id='word_1_387' title='bbox 757 4138 1195 4221; x_wconf 77' lang='lat' dir='ltr'>inveniamuS‚</span> <span class='ocrx_word' id='word_1_388' title='bbox 1237 4137 1308 4209; x_wconf 91' lang='lat' dir='ltr'>in</span> <span class='ocrx_word' id='word_1_389' title='bbox 1352 4138 1658 4207; x_wconf 85' lang='lat' dir='ltr'>versibus</span> <span class='ocrx_word' id='word_1_390' title='bbox 1707 4138 2004 4205; x_wconf 88' lang='lat' dir='ltr'>eiusdem</span> <span class='ocrx_word' id='word_1_391' title='bbox 2050 4137 2296 4205; x_wconf 87' lang='lat' dir='ltr'>cantici</span> <span class='ocrx_word' id='word_1_392' title='bbox 2342 4140 2687 4204; x_wconf 83' lang='lat'>895—898</span> <span class='ocrx_word' id='word_1_393' title='bbox 2733 4137 2876 4201; x_wconf 81' lang='lat' dir='ltr'>bene</span> <span class='ocrx_word' id='word_1_394' title='bbox 2910 4150 3266 4225; x_wconf 71' lang='lat' dir='ltr'>paupertas</span> 
     </span>
     <span class='ocr_line' id='line_1_39' title="bbox 455 4240 3266 4331; baseline -0.001 -23"><span class='ocrx_word' id='word_1_395' title='bbox 455 4281 542 4291; x_wconf 93' lang='lat'>—</span> <span class='ocrx_word' id='word_1_396' title='bbox 585 4246 898 4331; x_wconf 53' lang='lat' dir='ltr'>&#39;emeli</span> <span class='ocrx_word' id='word_1_397' title='bbox 939 4250 1142 4311; x_wconf 76' lang='lat' dir='ltr'>tecto</span> <span class='ocrx_word' id='word_1_398' title='bbox 1171 4252 1450 4307; x_wconf 78' lang='lat' dir='ltr'>contenta</span> <span class='ocrx_word' id='word_1_399' title='bbox 1498 4242 1674 4307; x_wconf 81' lang='lat' dir='ltr'>latet:</span> <span class='ocrx_word' id='word_1_400' title='bbox 1721 4268 1815 4290; x_wconf 90' lang='lat'>—·</span> <span class='ocrx_word' id='word_1_401' title='bbox 1851 4245 2146 4330; x_wconf 78' lang='lat' dir='ltr'>quatiunt</span> <span class='ocrx_word' id='word_1_402' title='bbox 2190 4240 2355 4307; x_wconf 75' lang='lat' dir='ltr'>altae</span> <span class='ocrx_word' id='word_1_403' title='bbox 2396 4264 2582 4329; x_wconf 67' lang='lat' dir='ltr'>caepe</span> <span class='ocrx_word' id='word_1_404' title='bbox 2614 4246 3033 4323; x_wconf 72' lang='lat' dir='ltr'>procellae</span> <span class='ocrx_word' id='word_1_405' title='bbox 3058 4280 3130 4291; x_wconf 89' lang='lat'>—</span> <span class='ocrx_word' id='word_1_406' title='bbox 3152 4251 3266 4307; x_wconf 80' lang='lat' dir='ltr'>aut</span> 
     </span>
     <span class='ocr_line' id='line_1_40' title="bbox 461 4344 3265 4415; baseline -0 -3"><span class='ocrx_word' id='word_1_407' title='bbox 461 4350 676 4412; x_wconf 81' lang='lat' dir='ltr'>evertit</span> <span class='ocrx_word' id='word_1_408' title='bbox 736 4348 1027 4412; x_wconf 78' lang='lat' dir='ltr'>Fortuna</span> <span class='ocrx_word' id='word_1_409' title='bbox 1088 4350 1372 4415; x_wconf 78' lang='lat' dir='ltr'>domos</span> <span class='ocrx_word' id='word_1_410' title='bbox 1434 4347 1618 4413; x_wconf 88' lang='lat' dir='ltr'>clara</span> <span class='ocrx_word' id='word_1_411' title='bbox 1682 4346 1950 4413; x_wconf 87' lang='lat' dir='ltr'>Horatii</span> <span class='ocrx_word' id='word_1_412' title='bbox 2012 4346 2350 4414; x_wconf 87' lang='lat' dir='ltr'>sententia</span> <span class='ocrx_word' id='word_1_413' title='bbox 2414 4344 2707 4413; x_wconf 89' lang='lat' dir='ltr'>occurrit</span> <span class='ocrx_word' id='word_1_414' title='bbox 2751 4346 2843 4413; x_wconf 90' lang='grc' dir='ltr'>Π.</span> <span class='ocrx_word' id='word_1_415' title='bbox 2894 4348 2999 4412; x_wconf 91' lang='grc'>10.</span> <span class='ocrx_word' id='word_1_416' title='bbox 3052 4346 3265 4411; x_wconf 83' lang='grc'>5-12</span> 
     </span>
     <span class='ocr_line' id='line_1_41' title="bbox 457 4449 3268 4537; baseline -0.001 -21"><span class='ocrx_word' id='word_1_417' title='bbox 457 4450 737 4516; x_wconf 77' lang='lat' dir='ltr'>Auream</span> <span class='ocrx_word' id='word_1_418' title='bbox 799 4453 1077 4537; x_wconf 70' lang='lat' dir='ltr'>quiaquia</span> <span class='ocrx_word' id='word_1_419' title='bbox 1119 4450 1614 4517; x_wconf 78' lang='lat' dir='ltr'>mediocritatem</span> <span class='ocrx_word' id='word_1_420' title='bbox 1649 4489 1736 4499; x_wconf 92' lang='lat'>—</span> <span class='ocrx_word' id='word_1_421' title='bbox 1756 4451 1988 4536; x_wconf 74' lang='lat' dir='ltr'>diliqit,</span> <span class='ocrx_word' id='word_1_422' title='bbox 2035 4462 2208 4515; x_wconf 71' lang='lat' dir='ltr'>tutus</span> <span class='ocrx_word' id='word_1_423' title='bbox 2252 4462 2424 4515; x_wconf 81' lang='lat' dir='ltr'>caret</span> <span class='ocrx_word' id='word_1_424' title='bbox 2469 4453 2800 4517; x_wconf 55' lang='lat' dir='ltr'>obsoleti</span> <span class='ocrx_word' id='word_1_425' title='bbox 2843 4485 2933 4498; x_wconf 94' lang='lat'>—</span> <span class='ocrx_word' id='word_1_426' title='bbox 2974 4449 3268 4514; x_wconf 70' lang='lat' dir='ltr'>sordibus</span> 
     </span>
     <span class='ocr_line' id='line_1_42' title="bbox 459 4554 3269 4640; baseline -0.002 -17"><span class='ocrx_word' id='word_1_427' title='bbox 459 4558 675 4636; x_wconf 73' lang='lat' dir='ltr'>tecti,</span> <span class='ocrx_word' id='word_1_428' title='bbox 720 4593 804 4604; x_wconf 92' lang='lat'>—--</span> <span class='ocrx_word' id='word_1_429' title='bbox 847 4567 1015 4621; x_wconf 77' lang='lat' dir='ltr'>caret</span> <span class='ocrx_word' id='word_1_430' title='bbox 1074 4557 1538 4624; x_wconf 64' lang='lat' dir='ltr'>invidenda</span> <span class='ocrx_word' id='word_1_431' title='bbox 1597 4556 1846 4621; x_wconf 75' lang='lat' dir='ltr'>sobriae</span> <span class='ocrx_word' id='word_1_432' title='bbox 1891 4558 2120 4623; x_wconf 77' lang='lat' dir='ltr'>aula.</span> <span class='ocrx_word' id='word_1_433' title='bbox 2164 4574 2271 4604; x_wconf 90' lang='lat'>‘—</span> <span class='ocrx_word' id='word_1_434' title='bbox 2331 4555 2605 4640; x_wconf 69' lang='lat' dir='ltr'>Saepius</span> <span class='ocrx_word' id='word_1_435' title='bbox 2672 4556 2944 4620; x_wconf 74' lang='lat' dir='ltr'>ventis</span> <span class='ocrx_word' id='word_1_436' title='bbox 2984 4554 3269 4638; x_wconf 72' lang='lat' dir='ltr'>oqitatm·</span> 
     </span>
     <span class='ocr_line' id='line_1_43' title="bbox 457 4656 3268 4747; baseline -0.001 -20"><span class='ocrx_word' id='word_1_437' title='bbox 457 4665 676 4747; x_wconf 74' lang='lat' dir='ltr'>inqem</span> <span class='ocrx_word' id='word_1_438' title='bbox 718 4696 804 4709; x_wconf 92' lang='lat'><strong>—</strong></span> <span class='ocrx_word' id='word_1_439' title='bbox 861 4663 1052 4745; x_wconf 71' lang='lat' dir='ltr'>pinu·</span> <span class='ocrx_word' id='word_1_440' title='bbox 1125 4671 1184 4727; x_wconf 78' lang='lat' dir='ltr'>et</span> <span class='ocrx_word' id='word_1_441' title='bbox 1245 4656 1441 4725; x_wconf 70' lang='lat' dir='ltr'>celsae</span> <span class='ocrx_word' id='word_1_442' title='bbox 1497 4661 1800 4745; x_wconf 69' lang='lat' dir='ltr'>yravioro</span> <span class='ocrx_word' id='word_1_443' title='bbox 1858 4682 2011 4725; x_wconf 76' lang='lat' dir='ltr'>caea</span> <span class='ocrx_word' id='word_1_444' title='bbox 2083 4698 2170 4709; x_wconf 88' lang='lat'>—</span> <span class='ocrx_word' id='word_1_445' title='bbox 2230 4660 2526 4725; x_wconf 72' lang='lat' dir='ltr'>decidunt</span> <span class='ocrx_word' id='word_1_446' title='bbox 2570 4666 2851 4723; x_wconf 69' lang='lat' dir='ltr'>turres</span> <span class='ocrx_word' id='word_1_447' title='bbox 2894 4656 3268 4745; x_wconf 74' lang='lat' dir='ltr'>feriwntque</span> 
     </span>
     <span class='ocr_line' id='line_1_44' title="bbox 462 4766 1919 4852; baseline -0.004 -22"><span class='ocrx_word' id='word_1_448' title='bbox 462 4788 734 4831; x_wconf 71' lang='lat' dir='ltr'>summos</span> <span class='ocrx_word' id='word_1_449' title='bbox 777 4800 860 4811; x_wconf 92' lang='lat'>—</span> <span class='ocrx_word' id='word_1_450' title='bbox 890 4766 1167 4852; x_wconf 53' lang='lat' dir='ltr'>fiaekura</span> <span class='ocrx_word' id='word_1_451' title='bbox 1212 4774 1460 4830; x_wconf 69' lang='lat' dir='ltr'>montes.</span> <span class='ocrx_word' id='word_1_452' title='bbox 1912 4790 1919 4793; x_wconf 97' lang='lat'>·</span> 
     </span>
    </p>
   </div>
   <div class='ocr_carea' id='block_1_4' title="bbox 1654 4924 2069 4932">
    <p class='ocr_par' dir='ltr' id='par_1_6' title="bbox 1654 4924 2069 4932">
     <span class='ocr_line' id='line_1_45' title="bbox 1654 4924 2069 4932; baseline -0.002 -1"><span class='ocrx_word' id='word_1_453' title='bbox 1654 4924 2069 4932; x_wconf 82' lang='lat'>——————-—-</span> 
     </span>
    </p>
   </div>
  </div>
 </body>
</html>
