3759 5400
1613 171 2121 272 —35-‘

428 381 482 449 Ι.
527 386 630 447 21.
679 386 718 448 2
765 382 1072 446 intonsum
1115 383 1307 466 pueri
1349 377 1534 446 dicite
1579 379 1926 466 Cynthium,
1977 397 2254 461 quorum
2301 378 2658 445 carminum
2705 377 3041 460 posterius
3089 393 3234 440 cum

430 486 498 553 in
529 487 652 552 hoc
683 505 905 570 versu,
950 491 1091 552 tum
1122 486 1190 551 in
1225 485 1374 551 aliis
1407 484 1778 567 exemplum
1811 485 2105 552 Senecae
2136 482 2345 550 fuisse
2376 482 2551 549 infra
2598 483 2962 548 ostendam.
3010 479 3230 560 Atque

433 593 636 674 certe,
682 596 759 658 ut
786 591 912 656 hoc
943 608 1206 672 quoque
1235 589 1626 656 imitationis
1659 609 1870 673 genus
1904 594 2194 676 tangam,
2228 588 2297 654 in
2337 588 2666 671 versibuS,
2700 587 2813 668 qui
2858 589 3233 667 sequuntur

433 696 796 777 318-321,
827 694 1074 760 locutio
1123 693 1424 779 (quaeque
1461 693 1740 758 'Ei-asine
1799 693 2037 781 qelidos
2074 695 2306 780 fontes,
2358 730 2444 741 -—
2490 713 2759 776 quaeque
2788 692 3096 772 Eurotan,
3153 725 3239 736 -—-

434 819 710 884 quaeque
740 800 976 862 virenti
1003 798 1255 862 tacitum
1284 797 1436 882 ripa
1467 835 1539 846 —
1571 797 1734 862 bibis
1751 799 2069 883 Ismeuon)
2096 796 2445 863 referenda
2478 800 2582 862 est
2612 797 2696 862 ad
2728 794 3094 877 Horatium,
3128 792 3241 859 ubi

435 901 516 966 cf.
564 902 653 967 II.
704 903 805 967 20.
853 904 936 968 20
981 902 1170 966 discet
1215 901 1416 966 Hiber
1459 901 1872 987 Rhodanique
1905 911 2115 987 potor,
2165 901 2290 967 III.
2337 902 2436 966 10.
2484 904 2519 965 1
2569 900 2939 980 Eoetremum
2992 899 3239 963 Tanain

433 1009 495 1070 si
535 1007 794 1086 biberes,
852 1006 1030 1092 Lyce,
1075 1005 1189 1072 IV.
1237 1009 1338 1071 15.
1384 1008 1463 1071 21
1513 1029 1632 1070 non
1661 1009 1773 1092 qui
1785 1007 2185 1094 profundum
2230 1007 2601 1071 Danuvium
2643 1005 2868 1070 bibunt.
2920 1003 3238 1069 Eiusdem

436 1111 748 1178 momenti
768 1113 1021 1193 ducam,
1043 1111 1216 1190 quod
1236 1110 1304 1177 in
1324 1112 1745 1177 v.312-314
1768 1112 2107 1197 (vimineas
2132 1161 2145 1176 .
2172 1160 2186 1176 .
2206 1163 2221 1178 .
2243 1134 2449 1175 comas
2468 1112 2705 1176 innuba
2705 1109 2895 1196 fudit
2886 1108 2926 1195 )
2948 1107 3239 1175 eiusdem

437 1213 637 1280 moris
654 1213 900 1280 mentio
922 1213 1000 1279 fit
1017 1216 1193 1296 apud
1214 1214 1566 1280 Horatium
1585 1213 1673 1280 II.
1699 1218 1756 1280 5.
1777 1217 2053 1280 2lss-24.
2077 1214 2344 1282 Pariter
2361 1215 2761 1282 locutionem
2780 1235 3000 1278 arcum
3020 1213 3241 1276 laxare

441 1317 550 1387 vel
579 1317 870 1382 relaxare
893 1336 1014 1400 pro
1046 1316 1197 1383 bello
1227 1318 1302 1382 de
1329 1316 1566 1401 sistere,
1602 1336 1796 1399 quam
1826 1317 2111 1402 legimus
2140 1319 2208 1384 in
2239 1339 2301 1386 v.
2333 1322 2458 1384 326
2479 1321 2676 1385 -327
2702 1316 2984 1400 sumpsit
3007 1320 3240 1398 aperte

439 1441 523 1489 ex
581 1422 743 1488 Hor.
807 1422 934 1489 ΠΙ.
980 1425 1038 1489 8.
1086 1425 1382 1504 23-243
1451 1421 1756 1490 conferas
1819 1426 1908 1490 ad
1968 1442 2235 1490 sensum
2280 1424 2441 1491 Hor.
2505 1443 2701 1490 carm.
2756 1441 2931 1490 saec.
2982 1419 3239 1487 33—34

443 1527 686 1595 condito
728 1528 904 1591 mitis
935 1526 1351 1613 placidusque
1393 1524 1511 1592 telo
1554 1565 1640 1575 —
1685 1527 1992 1614 supplices
2034 1529 2198 1593 audi
2230 1551 2487 1615 pueros,
2536 1527 2775 1613 Apolla

647 1647 967 1730 Apertior
1009 1648 1292 1715 imitatio
1339 1653 1564 1716 exstat
1609 1648 1679 1716 in
1724 1668 1785 1716 v.
1846 1653 2191 1716 328—329
2244 1631 2697 1730 umeroque
2743 1671 2967 1737 gyraves
3014 1647 3246 1712 levibus

443 1749 586 1818 telis
658 1789 724 1801 —
783 1771 1008 1834 pone
1041 1757 1520 1835 pharetra&
1585 1753 1698 1820 ubi
1761 1754 2261 1821 constructione
2328 1776 2543 1819 umero
2596 1756 2972 1841 pharetram
3021 1777 3247 1840 ponere

450 1859 750 1924 ducimur
781 1862 867 1924 ad
897 1859 1056 1924 Hor.
1100 1857 1228 1926 III.
1274 1863 1336 1924 4.
1375 1861 1459 1925 60
1488 1881 1828 1945 numquam
1857 1862 2095 1924 umeris
2113 1851 2447 1946 posit-urus
2491 1883 2728 1924 arcum.
2777 1859 2910 1925 Sed
2944 1858 3244 1952 versibus

445 1965 783 2029 330—331
853 1967 1212 2030 commotus
1280 1961 1581 2030 conferre
1650 1964 1868 2030 malim
1935 1964 2095 2030 Hor.
2157 1964 2211 2030 I.
2270 1967 2372 2030 21.
2432 1967 2507 2030 11
2567 1964 2865 2048 insiqnem
2916 1965 3244 2050 pharetra,

443 2071 802 2150 propterea
865 2069 1040 2148 quod
1110 2067 1456 2148 utriusque
1520 2067 1650 2134 loci
1713 2074 1784 2134 et
1845 2087 1977 2138 vox
2034 2071 2343 2155 pharetra
2410 2073 2517 2136 est
2562 2067 2920 2136 communis
2968 2073 3038 2134 et
3081 2069 3247 2134 haec

443 2171 780 2239 sententia
841 2172 910 2238 in
972 2189 1034 2240 v.
1099 2175 1178 2238 12
1226 2174 1655 2258 fraternaque
1713 2196 1999 2238 umerum
2052 2173 2207 2260 lyra,
2236 2171 2239 2174 ’
2266 2176 2350 2240 ad
2404 2177 2577 2256 quod
2635 2173 2937 2241 conferas
2984 2173 3135 2238 Sen.
3182 2193 3247 2240 v.

445 2279 785 2343 330—331
819 2288 1174 2361 resonetque
1202 2300 1394 2342 manu
1420 2278 1608 2365 pulsa
1639 2279 1834 2342 citata
1861 2317 1948 2326 -
1977 2277 2184 2343 vocale
2222 2279 2442 2366 chelys,
2494 2317 2573 2328 -
2605 2279 2861 2345 Versus
2903 2279 3248 2343 332—337

444 2381 540 2446 nic
563 2404 708 2446 acre
738 2381 922 2446 velim
969 2403 1377 2469 magnumque
1421 2383 1622 2448 modis
1667 2421 1748 2431 —
1796 2383 2025 2448 intonet
2071 2383 2236 2461 altis,
2284 2423 2367 2434 —
2411 2383 2519 2450 sed
2549 2383 2729 2469 quale
2759 2381 2913 2448 sole-s
2949 2385 3249 2448 leviore
3332 2391 3341 2406 ¹

449 2489 640 2567 hyra
685 2522 772 2534 -—
800 2487 1055 2571 flectere
1085 2510 1332 2552 carmen
1367 2527 1440 2535 —
1489 2485 1775 2576 simplem,
1825 2485 1999 2552 lusus
2028 2512 2167 2553 cum
2195 2490 2385 2554 docta
2416 2500 2551 2554 tuos
2599 2527 2677 2537 —
2728 2487 2921 2552 Musa
2952 2487 3247 2572 recenset)

449 2590 826 2656 sententiae
871 2589 1082 2656 forma
1127 2594 1274 2656 tota
1318 2592 1670 2674 desumpta
1718 2594 1824 2658 est
1869 2610 1953 2658 ex
1998 2591 2301 2676 Horatio,
2349 2595 2527 2676 apud
2574 2610 2767 2674 quem
2812 2591 2915 2658 bis
2963 2591 3253 2658 occurrit

448 2693 537 2761 II.
586 2698 644 2761 1.
695 2697 954 2762 37—40
1008 2693 1136 2761 Sed
1188 2719 1264 2762 ne
1305 2693 1542 2761 relictis
1589 2695 1783 2763 Musa
1818 2720 2069 2784 procace
2112 2700 2269 2763 iocis
2311 2737 2398 2746 —-
2449 2696 2609 2763 Ceae
2655 2706 2946 2764 retractes
2988 2720 3251 2761 munera

449 2802 710 2866 naeniae
775 2838 856 2849 --
920 2824 1153 2866 mecum
1196 2805 1477 2867 Dionaeo
1529 2804 1641 2867 sub
1701 2815 1887 2867 autro
1932 2841 2016 2851 —
2073 2826 2302 2889 quaere
2346 2802 2559 2867 modos
2606 2804 2908 2868 leviore
2939 2807 3252 2884 plectro

453 2908 561 2983 (—-
593 2906 964 2988 exemplum
1009 2906 1400 2975 imitationis
1447 2907 1863 2991 singularum
1908 2926 2143 2976 vocum
2168 2908 2299 2974 iam
2328 2906 2711 2991 Zingerlius
2758 2906 3108 2975 adnotavit
3137 2907 3253 2992 —-)

453 3014 520 3074 et
563 3010 691 3076 III.
743 3014 800 3076 3.
847 3014 1103 3076 69-72
1153 3010 1302 3077 Non
1347 3013 1458 3077 hoc
1499 3014 1822 3079 iocosae
1863 3014 2173 3079 conveniet
2217 3017 2475 3093 lyrae.

663 3129 924 3197 Deinde
969 3132 1326 3199 manifesta
1369 3132 1652 3202 imitatio
1698 3133 2071 3201 Horatiana
2104 3139 2173 3201 et
2204 3139 2597 3219 argumento
2632 3138 2700 3200 et
2732 3134 3013 3219 singulis
3062 3153 3253 3202 voca-

455 3233 628 3300 bulis
694 3240 919 3302 exstat
979 3236 1048 3304 in
1095 3256 1158 3306 v.
1208 3240 1550 3304 340-341
1619 3262 1754 3304 cum
1801 3242 2149 3306 Titanas
2201 3242 2582 3323 sumine
2622 3242 2876 3307 victos
2924 3278 2995 3287 —
3048 3240 3255 3304 videre

455 3339 562 3403 dei
621 3339 880 3407 collatis
927 3360 1074 3407 cum
1121 3342 1282 3409 Hor.
1327 3342 1451 3411 III.
1494 3347 1554 3408 4.
1600 3348 1859 3410 42-42
1908 3344 2156 3409 Scimus
2199 3356 2267 3409 ut
2330 3346 2559 3431 impios
2610 3384 2681 3392 —
2735 3348 3086 3411 Titanas
3130 3347 3254 3409 im-

451 3467 808 3531 manemque
869 3446 1115 3511 turbam
1175 3486 1261 3495 —
1308 3451 1686 3532 fulmine
1745 3452 2179 3516 sustulerit
2250 3451 2483 3515 caduco
2559 3448 2901 3531 eidemque
2979 3449 3253 3515 carmini
3370 3506 3374 3511 .

453 3555 648 3616 tanta
693 3554 800 3615 est
845 3550 1205 3618 similitudo
1250 3552 1546 3619 Senecae
1591 3572 1907 3622 versuum
1954 3558 2316 3639 342—347,
2383 3559 2457 3620 ut
2518 3554 2665 3637 loci,
2714 3554 2827 3634 qui
2892 3553 3253 3637 separatim

458 3658 948 3743 adscribantur,
997 3659 1180 3744 digni
1226 3680 1374 3731 esse
1419 3662 1805 3732 videantur:

2845 3788 2888 3849 4

665 3886 816 3954 Sen.
867 3888 1211 3954 342—347
1256 3887 1356 3954 vel
1395 3913 1530 3955 cum
1591 3902 1822 3956 montes
1864 3891 2173 3956 montibus
2218 3890 2365 3954 altis
2424 3926 2495 3935 —
2566 3908 2821 3971 super
2880 3892 3259 3971 impositi

1602 4064 1614 4077 .
2394 4036 2399 4045 ·
2630 4064 2643 4079 .
3059 4016 3099 4077 3

462 4152 540 4161 ——-
588 4126 870 4179 struma-e
909 4115 1149 4200 φαείνω
1193 4017 1592 4183 trucibusl
1607 4121 2032 4197 mansuris,
2088 4155 2152 4167 -
2208 4120 2373 4183 stetit
2417 4017 2817 4199 ’ἱπψῖεἱια
2854 4155 2928 4163 -
2962 4120 3261 4183 Pelion

479 4321 654 4387 Ossa.
690 4327 1029 4409 pinifer
1071 4327 1280 4391 ambos
1323 4364 1409 4375 -
1447 4328 1678 4413 pressit
1729 4226 2157 4411 Olyffnpu&

674 4428 832 4496 Hor.
880 4429 1003 4494 ΙΙΙ.
1048 4433 1106 4496 4.
1171 4434 1432 4499 42—44
1497 4432 1798 4518 Maqnum
1842 4433 1959 4497 illa
2019 4444 2317 4497 terrorem
2364 4431 2657 4498 intulerat
2722 4432 2862 4496 Iovi
2930 4469 3003 4481 ·—-
3050 4431 3263 4513 fidens

459 4659 848 4722 iuvmttus
877 4557 1231 4725 horrssda
1261 4661 1668 4725 bracchiis
1709 4698 1781 4707 -—-
1800 4660 2173 4747 fratresque
2224 4660 2533 4723 tendentes
2576 4558 2828 4739 opacss
2872 4696 2937 4707 --
2974 4557 3263 4725 Ρθῗὶοπ

672 4786 731 4846 4.
1195 4834 1207 4846 .

462 4888 966 4966 imposuisse
1013 4786 1384 4969 Oby2mpo.

2979 4992 3053 5047 33(-
