3759 5400
1743 202 2172 262 —48-

567 367 868 433 Gaetulae
915 369 1215 455 leaenae),
1281 372 1476 438 cuius
1525 370 1759 452 proelii
1803 371 2149 436 Nearchus
2197 373 2557 453 praemium
2620 372 2746 454 est,
2806 372 3147 438 Horatius.
3196 369 3355 437 dicit

555 473 679 538 ΙΙΙ.
727 477 826 539 20.
889 478 966 539 11
1033 476 1268 539 arbiter
1331 498 1576 561 pugnae
1612 476 1901 560 posuisse
1942 477 2111 539 nudo
2156 477 2266 539 sub
2322 476 2487 560 pede
2526 477 2829 561 palmam,
2892 475 3148 542 scilicet
3198 475 3353 556 quia

555 597 675 642 nec
724 578 1043 645 victorem
1087 598 1209 644 nec
1255 579 1505 647 victum
1553 584 1763 645 curat.
1809 617 1895 625 ——
1940 579 2155 645 Voces
2204 580 2459 660 aliquot
2507 582 2734 646 eodem
2780 600 2979 664 more,
3048 600 3177 662 quo
3225 583 3355 646 Ho-

557 682 770 748 ratius
831 683 1246 768 adhibuerat,
1309 684 1576 750 fabulae
1639 683 1929 766 scriptor
1992 685 2345 766 usurpavit
2399 685 2589 752 velut
2650 685 2717 750 in
2765 705 2825 753 v.
2876 690 3001 751 158
3048 685 3354 750 Sarmata

549 788 929 868 frigidus
974 791 1043 852 et
1103 788 1172 852 in
1239 807 1298 855 v.
1365 790 1488 853 125
1551 790 1875 868 melitius
1922 788 2181 874 Dolops,
2246 789 2324 853 cf.
2386 790 2544 854 Hor.
2614 790 2739 854 III.
2788 795 2890 856 24.
2942 793 3021 854 11
3090 791 3357 872 riyidi

569 890 762 954 Getae
805 902 874 956 et
917 891 1035 957 IV.
1083 896 1144 956 5.
1192 895 1274 956 25
1319 895 1690 975 aelianum
1734 891 2017 978 Scythen.

765 997 1032 1062 Pariter
1061 1015 1222 1062 usus
1255 997 1434 1062 vocis
1467 1007 1672 1060 certus
1701 996 1873 1060 idem
1909 1001 2013 1061 est
2044 997 2112 1060 in
2160 1018 2220 1064 v
2261 1000 2379 1063 161
2416 998 2697 1060 Parthus
2754 996 3087 1062 Gnosiacis
3132 1002 3359 1062 certior

558 1101 778 1166 ictibus
823 1105 894 1165 et
939 1102 1112 1182 apud
1160 1100 1509 1167 Horatium
1558 1101 1609 1165 Ι.
1681 1104 1777 1165 12.
1823 1104 1905 1166 23
1955 1105 2024 1165 et
2068 1120 2259 1167 soror
2302 1101 2631 1182 Apollinis
2677 1103 2761 1165 ab
2810 1107 3091 1216 utroque
3154 1109 3353 1184 poeta

560 1205 754 1272 Delia
801 1212 1082 1272 vocatur
1128 1207 1196 1270 in
1242 1226 1301 1273 v.
1352 1209 1476 1272 150
1523 1213 1591 1271 et
1636 1206 1750 1271 IV.
1799 1209 1856 1269 6.
1910 1211 2010 1271 34.

1577 1499 1945 1584 Hercules
1994 1499 2329 1584 Oetaeus.

955 1713 1056 1777 Π.
1109 1710 1579 1776 canticum
1627 1728 1706 1776 v.
1756 1709 2205 1778 583—705
2253 1712 2964 1793 anapaesticum.

764 1920 908 1984 Hoc
943 1919 1272 1985 canticum
1307 1918 1589 1985 divisum
1621 1921 1726 1982 est
1758 1917 1826 1982 in
1856 1921 2085 1998 partes
2118 1919 2303 2001 111163,
2338 1936 2612 1998 quarum
2646 1938 2777 1985 una
2825 1921 2905 1985 de
2929 1919 3150 1986 Oeneo
3197 1940 3357 2004 rege

561 2023 939 2106 Calydonis,
973 2024 1189 2089 altera
1223 2025 1301 2088 de
1335 2022 1650 2104 periculis
1671 2022 1852 2089 vitae
1888 2025 2055 2087 etde
2078 2023 2443 2088 securitate
2464 2023 2756 2088 modicae
2778 2023 3085 2090 fortunae
3120 2027 3359 2109 agitur.

557 2129 778 2208 Atque
799 2127 866 2192 in
886 2127 1104 2209 priore
1126 2133 1318 2208 parte
1339 2127 1578 2192 chorus
1601 2127 1810 2192 Oenei
1828 2145 2053 2192 casum
2075 2126 2293 2210 deflet,
2328 2128 2434 2193 cui
2467 2147 2538 2192 36
2565 2127 2765 2194 fidum
2792 2147 3173 2195 mansurum
3207 2149 3355 2195 esse

559 2232 869 2298 adfirmat
919 2253 984 2299 v·
1031 2233 1188 2312 6013
1234 2251 1384 2296 66111
1431 2250 1654 2298 0111663
1701 2250 1935 2313 regum
1981 2231 2223 2296 amicos
2260 2231 2411 2317 (hoc
2444 2231 2569 2297 iam
2618 2232 2687 2297 in
2729 2237 2923 2314 parte
2970 2234 3186 2300 altera
3232 2234 3363 2320 est)

559 2337 763 2402 falsos
797 2353 946 2402 esse
1000 2355 1060 2403 v.
1094 2337 1436 2401 604-639
1492 2336 1601 2403 vel
1646 2339 1921 2417 propter
1964 2334 2388 2402 ambitionem
2426 2357 2488 2404 v.
2541 2339 2887 2403 616-620
2936 2338 3045 2405 vel
3092 2343 3366 2419 propter

565 2439 887 2523 pecuniae
920 2440 1354 2521 cupiditatem
1386 2459 1446 2507 v.
1480 2443 1824 2505 621-625
1849 2440 1956 2508 vel
1989 2444 2066 2506 ut
2094 2459 2333 2523 magna
2364 2441 2642 2522 praedia
2686 2441 3018 2526 accipiant
3047 2462 3107 2508 v.
3144 2445 3359 2507 627-

564 2547 689 2612 636
724 2545 832 2613 vel
864 2548 942 2610 ut
962 2545 1386 2612 adversarios
1419 2563 1574 2611 suos
1596 2544 1987 2626 opprimant.
2021 2544 2167 2627 Qua
2188 2548 2269 2611 de
2302 2565 2505 2612 causa
2536 2547 2817 2612 mediam
2847 2547 3177 2612 fortunam
3211 2566 3359 2612 esse

565 2649 877 2732 optimam
923 2669 985 2718 v.
1032 2650 1380 2715 636-670
1425 2648 1708 2730 ideoque
1755 2652 2195 2731 expetendam
2242 2670 2303 2717 v.
2353 2652 2716 2735 693—699,
2766 2670 2988 2717 01111163
3030 2670 3210 2733 vern,
3245 2650 3360 2731 qui

561 2755 774 2821 media
819 2755 930 2823 via
975 2755 1445 2836 decessissent,
1508 2754 1688 2836 ipsos
1735 2754 1863 2820 sibi
1907 2755 2236 2838 nocuisse,
2282 2756 2469 2821 cuius
2508 2758 2606 2821 rei
2676 2762 2888 2823 testes
2950 2776 3099 2823 esse
3144 2758 3361 2822 Phae-

559 2859 858 2924 thontem
902 2880 965 2927 v.
1014 2862 1358 2925 675-682
1406 2864 1475 2925 et
1521 2860 1891 2926 Daedalum
1936 2880 1999 2926 v.
2048 2862 2409 2925 683-685,
2456 2898 2541 2909 -
2585 2861 2727 2926 Ι6111
2773 2868 3017 2927 natura
3072 2862 3353 2927 alterius

563 2964 776 3046 partis
821 2964 968 3031 fieri
995 2984 1128 3031 non
1173 2966 1408 3048 potuit,
1459 2964 1619 3045 quin
1663 2965 1889 3031 multis
1937 2984 2019 3031 ex
2064 2964 2369 3046 partibus
2418 2984 2564 3031 cum
2610 2966 3013 3033 carminibus
3061 2966 3358 3033 eiusdem

559 3071 936 3136 sententiae
981 3071 1366 3138 Horationis
1413 3072 1822 3137 cohaereret.
1869 3072 2179 3137 Profecto
2212 3089 2341 3138 uno
2376 3072 2673 3153 exemplo
2720 3072 2788 3137 in
2820 3091 2879 3139 v.
2905 3075 3031 3137 598
3079 3076 3362 3151 excepto

561 3176 644 3261 (et
703 3176 1150 3256 spiciferae
1210 3199 1494 3241 concessa
1537 3177 1706 3259 deae,
1768 3175 1846 3241 cf.
1910 3176 2070 3242 Hor.
2136 3195 2335 3241 carm.
2413 3195 2585 3242 saec.
2665 3179 2749 3243 30
2814 3179 3095 3257 spicea
3178 3176 3365 3241 donet

573 3279 857 3343 Cererem
903 3280 1159 3353 corona)
1209 3280 1615 3346 imitationes
1684 3284 1753 3347 et
1797 3281 2282 3347 sententiarum
2347 3286 2417 3347 et
2460 3281 2875 3365 singularum
2944 3300 3177 3347 vocum
3226 3285 3363 3345 tam

563 3391 711 3451 arte
755 3386 933 3453 inter
979 3404 1052 3451 36
1099 3385 1494 3451 coniunctae
1539 3389 1714 3468 sunt,
1761 3390 1838 3451 ut
1883 3392 2235 3468 separatae
2268 3386 2551 3452 tractari
2582 3391 2921 3465 nequeant
2954 3390 3022 3451 et
3068 3384 3365 3453 vicissim

563 3510 644 3557 ex
691 3490 1058 3556 imitatione
1105 3488 1481 3556 sententiae
1531 3494 1598 3554 et
1630 3491 1957 3557 vocabula
1987 3495 2189 3571 atque
2223 3509 2305 3557 ex
2338 3490 2680 3558 vocabulis
2714 3478 3085 3572 adsumptis
3119 3495 3187 3555 et
3218 3508 3369 3555 sen-

564 3596 815 3661 tentias
863 3601 1165 3662 retentas
1213 3613 1362 3660 6336
1410 3594 1653 3677 optimo
1699 3595 1842 3661 iure
1890 3595 2151 3661 6016163.

769 3701 1065 3766 Primum
1110 3704 1310 3781 poeta
1355 3719 1416 3767 v.
1463 3700 1658 3764 604
1682 3702 1808 3765 613
1879 3699 2229 3765 manifeste
2276 3650 2438 3769 Hor.
2487 3701 2570 3765 ΙΙ.
2622 3704 2723 3767 10.
2782 3704 2821 3766 7
2867 3700 3151 3765 Auream
3195 3701 3364 3785 quis-

566 3829 706 3890 ques
749 3806 1239 3871 mediocritatem
1285 3808 1410 3869 etc.
1460 3804 1754 3887 respicit,
1801 3824 1955 3869 nam
2001 3810 2470 3886 praeterquam
2518 3808 2695 3887 quod
2759 3824 2875 3871 663
2931 3806 3113 3887 111363
3161 3824 3363 3872 voces

565 3911 720 3974 aula
766 3910 833 3975 in
879 3930 940 3975 V.
987 3913 1114 3974 695
1162 3916 1232 3975 et
1276 3910 1523 3973 invidia
1578 3910 1646 3975 in
1692 3930 1754 3977 v.
1805 3913 1932 3976 613
1996 3911 2297 3994 retinuit,
2366 3911 2723 3994 descripsit
2770 3912 2970 3977 etiam
3018 3931 3176 3994 rem,
3234 3930 3369 3991 qua

567 4017 721 4082 aula
767 4014 1126 4083 invidenda
1169 4016 1262 4098 fit,
1311 4014 1554 4080 scilicit
1599 4034 1906 4099 magnam
1952 4017 2389 4082 salutantium
2433 4016 2893 4101 frequentiam,
2942 4037 3073 4099 qua
3117 4015 3371 4082 invidia

570 4120 958 4187 suscitatur.
1006 4120 1191 4186 Idem
1237 4121 1305 4185 in
1352 4141 1412 4188 v.
1460 4124 1583 4185 621
1633 4140 1728 4201 sq.
1771 4124 1947 4207 cupit
1993 4123 2091 4187 hie
2134 4126 2365 4204 queis
2397 4122 2649 4209 implere
2678 4123 2931 4209 famem
2978 4126 3106 4187 etc.
3134 4126 3368 4203 aperte

572 4225 909 4308 significat
953 4225 1114 4291 Hor.
1165 4226 1216 4289 Ι.
1235 4228 1336 4291 29.
1362 4227 1393 4289 1
1441 4226 1591 4301 Ioci,
1640 4225 1835 4291 beatis
1880 4250 2045 4292 nunc
2092 4228 2381 4291 Arabum
2423 4229 2667 4293 invides
2710 4231 2965 4311 (saxia,
3012 4227 3373 4293 manifesta

563 4330 760 4396 simul
821 4330 1006 4397 vocis
1083 4330 1474 4396 imitatione.
1536 4330 1853 4397 Forsitan
1910 4339 2147 4415 poetae
2219 4333 2287 4398 in
2334 4353 2395 4399 v.
2440 4336 2567 4400 623
2632 4356 2737 4397 nec
2797 4344 2932 4396 tota
2986 4336 3225 4400 sitim
3287 4370 3371 4381 —-·

568 4436 777 4520 Lydia
825 4437 1014 4500 vincit
1057 4436 1126 4501 in
1173 4441 1393 4501 mente
1455 4436 1660 4502 fuerit
1720 4437 1878 4503 Hor.
1936 4440 2121 4520 epod.
2174 4441 2273 4504 15.
2340 4441 2426 4505 20
2486 4439 2718 4523 tibique
2764 4441 3149 4505 Pactolus
3178 4440 3367 4524 fluat,

566 4543 740 4620 quod
786 4541 916 4606 iam
961 4541 1028 4607 in
1075 4543 1502 4623 proverbium
1547 4542 1830 4609 abierat.

769 4646 852 4712 In
898 4667 957 4714 v.
1006 4650 1343 4713 627-631
1394 4648 1503 4714 vel
1550 4666 1750 4714 voces
1798 4652 1982 4714 certo
2029 4648 2259 4715 ordine
2299 4668 2383 4714 ex
2429 4648 2711 4715 Horatio
2744 4648 3133 4731 desumptae
3166 4650 3373 4716 addu-

2501 4758 2557 4819 1.

567 4860 728 4923 cunt
773 4858 856 4922 ad
903 4856 1254 4923 Horatium
1300 4858 1388 4925 II.
1435 4862 1493 4925 2.
1539 4862 1752 4925 9-12
1804 4860 2031 4925 Latius
2060 4881 2273 4945 reynes
2318 4862 2665 4925 avidum
2708 4858 3017 4923 domando
3063 4898 3143 4907 --
3184 4858 3375 4947 epiri.-
