3759 5400
1695 189 1910 252 ..-.-7
1999 226 2083 235 ..-

490 365 566 427 111
630 379 759 426 11110
823 360 1037 426 80111111
1110 359 1429 442 exemplo
1474 360 1957 426 demonstrem:
2022 361 2104 424 ab
2152 359 2312 425 Hor.
2374 359 2493 426 IV.
2553 363 2611 425 8.
2661 363 2919 427 29-30
2982 380 3143 429 voce
3208 365 3301 427 sic

489 466 658 529 Iovia
718 465 968 529 interest
1032 502 1117 511 —
1184 464 1418 550 optatis
1482 463 1684 549 epulis
1747 463 2318 550 imp-iqm·Hev·cules
2382 482 2657 530 exorsus
2726 464 3035 546 priorem,
3108 485 3303 547 quam

489 588 695 653 supra
772 568 1053 652 ostendi,
1149 567 1395 634 cantici
1468 573 1729 650 partem
1815 571 2159 635 533-568
2236 572 2446 634 totam
2532 570 2904 636 enarrando
2992 569 3299 636 Herculis

488 674 775 756 laboreS,
844 691 1008 754 quos
1071 672 1186 738 ille
1255 679 1374 738 aut
1418 671 1488 738 in
1551 675 1864 754 serpente
1912 673 2217 739 Lernaeo
2266 675 2391 738 529
2439 675 2763 739 domando
2812 679 2929 739 aut
2974 673 3043 740 in
3091 674 3299 756 pomis

495 779 628 845 illis
663 777 1113 862 Hesperidum
1143 775 1582 858 surripiendis
1615 780 1961 845 530-533
1994 782 2113 843 aut
2142 776 2213 844 in
2245 777 2542 860 Scythia,
2577 777 2765 843 cuius
2798 782 3025 844 terrae
3057 783 3303 845 natura

490 883 646 949 huic
675 884 820 949 loco
851 880 1581 958 minusconvenienter
1610 880 2037 965 describitur,
2083 900 2231 948 cum
2260 883 2669 948 Amazonum
2711 882 2947 965 regina
2981 881 3299 948 dimicans

497 989 845 1054 542-546
895 989 1013 1052 aut
1059 987 1233 1068 apud
1290 985 1540 1052 inferos
1583 988 1929 1052 547—568
1994 1004 2354 1068 perpessus
2422 990 2546 1068 est,
2612 986 2998 1067 composuit.
3060 986 3301 1067 Itaque

492 1111 640 1158 cum
686 1111 770 1158 ex
823 1090 1090 1158 Horatii
1138 1089 1541 1157 carminibus
1605 1109 1726 1173 per
1788 1095 2087 1174 systema
2151 1090 2642 1172 asclepiadeum
2708 1089 3089 1173 compositis
3136 1090 3299 1156 1111111

492 1195 623 1262 11181
687 1196 1108 1277 sententiam,
1186 1213 1382 1275 quam
1457 1199 1871 1275 sequeretur,
1948 1195 2019 1259 111
2085 1195 2344 1261 cantico
2408 1194 2815 1276 perficiendo
2883 1194 3301 1278 sumpsisset,

492 1299 750 1367 Seneca
795 1319 879 1366 ex
923 1299 1074 1366 aliis
1118 1298 1386 1365 Horatii
1433 1299 1835 1365 carminibus
1882 1303 2107 1366 vatem
2171 1299 2355 1364 illum
2403 1298 2815 1366 Venusinum
2861 1300 2972 1367 vel
3019 1299 3303 1383 singulis

490 1404 834 1471 vocabulis
881 1404 991 1473 vel
1045 1403 1492 1470 locutionibus
1538 1404 1647 1471 vel
1694 1403 1891 1470 dictis
1936 1423 2059 1487 per
2092 1404 2431 1487 complura
2463 1405 2691 1487 verba,
2736 1422 2931 1470 11111110
2980 1422 3139 1472 vero
3186 1423 3306 1486 per

495 1508 798 1592 singulas
860 1508 1172 1591 strophas
1240 1509 1320 1572 ab
1370 1508 1650 1574 Horatio
1717 1508 2228 1590 comprehensas
2292 1512 2563 1575 secutus
2632 1512 2738 1575 est
2800 1508 2915 1591 ita,
2983 1512 3079 1591 ut,
3136 1526 3305 1588 quae

491 1612 816 1678 Horatius
849 1611 1036 1694 dixit,
1085 1615 1202 1678 aut
1233 1611 1500 1679 minima
1529 1611 1839 1678 dictionis
1871 1611 2240 1679 mutatione
2285 1613 2482 1695 plane
2531 1613 2963 1699 describeret
2988 1617 3109 1677 aut
3155 1611 3303 1676 aliis

499 1715 1100 1799 significationibus
1159 1734 1318 1781 usus
1374 1718 1562 1781 modo
1611 1715 2049 1798 amplificaret
2118 1720 2320 1796 atque
2368 1716 2687 1799 exemplis
2752 1719 3051 1800 augeret,
3114 1718 3303 1781 modo
3420 1749 3428 1756 ·

492 1819 729 1902 paucis
762 1819 985 1887 verbis
1017 1820 1349 1885 redderet.
1385 1818 1519 1885 Sed
1549 1819 1680 1885 iam
1712 1819 1774 1884 01
1803 1818 2196 1886 imitationis
2230 1819 2481 1902 generi,
2530 1838 2659 1898 quo
2692 1819 3003 1902 singulae
3038 1819 3305 1886 Horatii

493 1940 691 1989 voces
739 1942 779 1988 a
825 1922 1078 1988 Seneca
1123 1928 1242 1989 aut
1286 1922 1521 1989 iisdem
1565 1923 1716 1990 fere
1765 1923 1989 1991 verbis
2038 1928 2157 1990 aut
2201 1923 2479 1990 mutatis
2513 1922 3136 2006 significationibuS,
3186 1925 3305 1988 sed

491 2045 753 2108 semper
797 2027 913 2110 ita,
960 2031 1036 2092 ut
1080 2027 1259 2094 haud
1323 2026 1529 2092 facile
1595 2032 2021 2108 conspectum
2084 2027 2526 2096 scrutantium
2582 2027 2924 2110 effugiant,
2986 2027 3291 2093 redditae

490 2132 644 2214 sint,
690 2131 857 2196 haec
905 2132 1219 2198 attribuo.

696 2235 776 2302 V.
810 2239 938 2302 533
967 2236 1242 2299 Intravit
1273 2237 1648 2316 Scythiae
1675 2231 2183 2318 multivayae
2212 2239 2495 2302 domos
2514 2235 2837 2302 Senecam
2870 2240 3135 2301 constat
3166 2253 3304 2299 mu-

489 2343 749 2404 tuatum
797 2358 946 2405 esse
995 2358 1077 2404 ex
1108 2341 1267 2405 Hor.
1297 2339 1423 2404 III.
1456 2342 1562 2404 24.
1613 2341 1694 2404 10
1725 2341 2065 2421 Scythae
2108 2377 2194 2388 —-
2240 2362 2507 2424 quorum
2547 2341 2842 2425 plaustra
2885 2359 3143 2422 vaqas
3186 2341 3307 2402 rite

489 2444 750 2506 trahunt
794 2447 1076 2508 domos
1119 2443 1374 2509 Eadem
1418 2444 1680 2509 ratione
1728 2463 1890 2510 usus
1939 2448 2045 2510 est
2088 2443 2157 2510 in
2203 2464 2265 2512 v.
2311 2439 2437 2510 549
2482 2445 2706 2509 vidisti
2746 2443 3000 2510 Siculae
3043 2463 3306 2526 reyna

494 2550 1090 2628 Proserpinae,
1131 2545 1319 2612 cuius
1368 2565 1568 2614 voces
1618 2566 1701 2613 ex
1753 2547 1915 2612 Hor.
1945 2547 1997 2612 Ι.
2021 2550 2119 2612 13.
2175 2549 2255 2612 21
2306 2571 2493 2634 quam
2524 2571 2732 2634 paene
2756 2549 3000 2634 furvae
3041 2567 3305 2629 reyna

487 2654 1054 2733 Pro-§eminae
1093 2689 1160 2698 —
1193 2661 1252 2716 et
1271 2650 1651 2716 iudicantem
1684 2652 1959 2716 vidimus
1988 2649 2270 2717 Aeacum
2301 2653 2691 2734 desumptae
2724 2656 2898 2718 sunt.
2940 2650 3303 2731 Sequentia

488 2756 755 2823 Horatii
832 2758 1044 2822 verba
1119 2755 1483 2838 profecisse
1559 2756 1855 2822 Senecae
1931 2756 2353 2823 manifeStum
2421 2762 2527 2822 est
2613 2775 2696 2821 ex
2772 2756 2988 2821 altera
3062 2755 3306 2821 cantici

487 2865 698 2943 parte.
751 2900 822 2909 -
877 2860 1176 2944 Singulis
1223 2860 1520 2943 vocibus,
1597 2879 1762 2941 quas
1824 2860 2149 2927 Horatius
2198 2861 2519 2944 adhibuit,
2566 2861 2822 2927 Seneca
2868 2859 3081 2925 utitur
3125 2860 3193 2926 in
3239 2879 3299 2927 v.

490 2969 616 3031 535
669 2966 1010 3033 caleavitue
1039 2965 1216 3050 freti
1274 2976 1450 3050 terya
1494 2966 1766 3050 riyentia
1813 2963 1893 3029 of.
1936 2965 2099 3031 Hor.
2146 2964 2201 3029 I.
2247 2968 2347 3029 25.
2397 2967 2478 3028 16
2524 2974 2581 3028 et
2625 2964 2930 3029 calcanda
2975 2965 3156 3029 semel
3198 2966 3305 3027 via

490 3069 614 3152 Zeti,
663 3087 1058 3148 quamquam
1090 3069 1488 3136 vocabulum
1521 3070 1824 3134 calcandi
1867 3070 2047 3149 apud
2107 3072 2343 3150 poetas
2404 3067 2685 3134 Latinos
2731 3087 2865 3135 11011
2910 3068 3304 3134 inusitatum

489 3175 611 3237 est.
657 3172 842 3235 Freti
882 3182 1056 3256 terqa
1101 3172 1370 3256 riqentia
1416 3169 2020 3237 commonefaciunt
2064 3170 2152 3249 id,
2202 3172 2377 3251 quod
2424 3172 2504 3237 de
2550 3170 2785 3238 incolis
2835 3172 2978 3238 eius
3010 3172 3303 3255 regionis

488 3275 812 3341 Horatius
861 3275 1024 3342 dicit
1067 3275 1185 3341 IV.
1234 3278 1293 3341 5.
1338 3278 1422 3340 25
1470 3277 1611 3359 quic
1659 3276 1975 3339 Parthum
2005 3288 2261 3361 paveat,
2311 3278 2455 3360 quis
2494 3277 2773 3363 yelidum
2817 3276 3102 3362 Scythen.
3174 3276 3305 3341 Sed

489 3380 555 3446 id
602 3380 733 3445 iam
780 3385 885 3445 est
931 3380 1304 3463 exemplum
1351 3379 1618 3463 generis
1661 3379 1942 3446 alterius
1988 3379 2399 3463 imitationiS,
2478 3399 2605 3461 quo
2670 3381 2974 3463 singulae
3039 3380 3305 3445 Horatii

489 3502 690 3552 voces
761 3503 800 3549 a
848 3483 1105 3550 Seneca
1181 3486 1578 3551 obscuratae
1653 3486 2029 3550 redduntur
2088 3484 2305 3552 veluti
2370 3484 2443 3549 in
2516 3505 2579 3552 v.
2659 3489 2788 3550 554
2861 3478 2986 3549 etat
3056 3487 3303 3565 niqra

482 3589 742 3674 palaque
781 3590 1027 3674 quryite
1073 3589 1440 3674 lanquidum
1486 3588 1760 3655 mutatis
1807 3588 2047 3655 coloris
2082 3594 2151 3655 01
2182 3589 2409 3673 stagni
2454 3588 2697 3655 inferni
2744 3587 3302 3672 appellationibus

487 3693 773 3776 legimus
839 3710 923 3759 ex
983 3691 1144 3758 Hor.
1189 3693 1278 3758 II.
1345 3696 1445 3775 14,
1513 3696 1594 3757 17
1671 3695 2091 3774 desumptum
2154 3694 2445 3759 visendus
2492 3701 2672 3757 ater
2697 3692 2965 3777 flumine
3012 3691 3305 3777 lanquido

496 3796 753 3883 Cocytos
797 3818 1037 3861 errans.
1085 3796 1364 3863 Minoris
1412 3797 1727 3863 momenti
1774 3802 1898 3880 est,
1948 3798 2121 3878 quod
2166 3817 2228 3864 V.
2275 3799 2402 3862 578
2450 3796 2671 3881 deflent
2716 3807 2773 3860 et
2818 3796 3100 3861 lacrimis
3146 3799 3302 3879 dif-

473 3904 743 3984 ficiles
786 3901 892 3965 dei
932 3899 1108 3966 idem
1155 3901 1498 3983 epitheton
1541 3902 1921 3983 Penelopae
1969 3902 2195 3966 datum
2241 3899 2612 3967 invenimus
2667 3900 2829 3966 Hor.
2896 3900 3022 3965 ΠΙ.
3069 3902 3169 3965 10.
3222 3903 3299 3964 11

489 4030 606 4071 non
636 4016 694 4069 te
726 4005 1069 4090 Penelopen
1100 4007 1530 4089 difficilem
1546 4006 1785 4091 procis.
1833 4007 2006 4073 [tem
2035 4024 2097 4071 V.
2140 4007 2266 4069 558
2314 4006 2561 4068 evincas
2590 4008 2837 4069 utinam
2880 4008 3085 4070 iwra
3122 4004 3303 4088 ferae

488 4110 700 4197 Styyis
744 4108 918 4176 idem
973 4110 1054 4175 de
1101 4112 1332 4175 eadem
1375 4128 1449 4175 10
1505 4110 1901 4177 vocabulum
1960 4108 2187 4193 „iura”
2246 4109 2493 4175 dictum
2539 4115 2646 4175 est
2689 4110 2849 4175 Hor.
2899 4111 3001 4191 28,
3036 4110 3119 4173 62
3150 4108 3305 4194 fors

494 4226 550 4279 et
595 4215 803 4278 debita
850 4216 1000 4277 iura
1047 4216 1330 4299 vicesque
1373 4216 1680 4299 superbae
1733 4252 1800 4261 —
1857 4224 1913 4277 te
1957 4224 2251 4277 maneant
2296 4215 2525 4298 ipsum.

699 4318 922 4384 Parva
968 4318 1336 4402 mutatione
1385 4320 1785 4385 obscuratae
1830 4318 2102 4385 Horatii
2134 4336 2335 4386 voces
2383 4322 2742 4384 occurrunt
2786 4317 2857 4384 in
2900 4337 2962 4384 v.
3008 4320 3134 4382 557
3182 4340 3305 4381 uno

487 4432 578 4486 tot
610 4423 848 4509 populi
889 4424 1120 4507 remiqe
1164 4432 1489 4487 transeunt
1555 4421 1817 4488 scilicet
1863 4440 2121 4504 aquam,
2199 4440 2369 4503 quae
2417 4425 2657 4487 vocata
2722 4426 2827 4487 est
2880 4423 2962 4485 ab
3010 4421 3171 4487 Hor.
3216 4420 3306 4485 H.

493 4530 593 4610 14,
642 4530 680 4592 9
729 4529 1013 4591 omnibus
1057 4526 1232 4591 unda
1276 4529 1685 4614 enaviqanda.
1730 4528 1992 4593 Deinde
2040 4546 2123 4593 ex
2184 4528 2370 4593 hisce
2415 4524 2805 4592 Horatianis
2852 4525 3163 4592 versibus
3209 4524 3300 4589 II.

488 4634 548 4714 6,
597 4633 636 4695 9
682 4631 846 4695 unde
888 4634 949 4695 ci
989 4632 1238 4697 Parcae
1269 4632 1607 4717 prohibent
1653 4634 1911 4717 iniquae
1958 4636 2025 4698 et
2077 4633 2264 4714 epod.
2331 4633 2433 4715 13,
2496 4632 2579 4696 15
2625 4631 2791 4693 unde
2851 4630 2964 4693 tibi
3030 4628 3311 4693 reditum

407 4724 414 4737 “
488 4746 649 4818 certa
693 4736 1026 4801 subtemine
1072 4738 1318 4800 Parcae
1367 4774 1443 4783 —
1491 4758 1721 4823 rupere
1768 4736 2028 4804 Seneca
2058 4736 2509 4818 composuisse
2543 4734 2813 4802 videtur
2861 4753 2920 4801 v.
2966 4736 3092 4799 559
3140 4732 3303 4796 Par·

489 4863 829 4926 carumque
873 4840 1032 4905 colos
1075 4864 1198 4905 non
1240 4841 1629 4907 revocabiles.
