3759 5400
1661 200 2087 262 —13·—

474 386 619 433 cum
684 369 843 433 Hor.
908 369 959 434 Ι.
1011 372 1067 434 3.
1130 372 1212 434 33
1281 370 1618 454 semotique
1667 372 1864 455 prius
1926 371 2117 434 tarda
2170 373 2499 435 necessitas
2542 407 2629 416 -—
2675 370 2819 434 Leti
2876 374 3289 454 cmipuit

469 477 850 554 yradsusm.
915 475 1146 553 Aeque
1179 492 1253 540 -v,
1305 473 1432 538 390
1496 474 1608 537 hoc
1675 495 1848 537 omne
1883 477 2157 560 petimus
2203 479 2327 541 etc.
2376 474 2549 541 idem
2596 480 2701 540 est
2750 477 2922 554 quod
2982 475 3145 544 Hor.
3191 477 3282 543 H.

472 580 529 642 3.
577 580 659 643 25
715 577 937 642 Omnes
981 579 1188 642 eodem
1218 581 1498 663 coqimur
1528 583 1598 642 et
1629 578 1972 645 vocabulis
2004 578 2418 659 aliquantum
2446 578 2811 645 immutatis
2842 598 2905 647 v.
2937 583 3286 647 403—404

435 693 528 747 ,εὑ
572 683 853 746 obsidens
895 719 983 732 -—-
1027 691 1227 746 custos
1287 704 1408 745 uon
1447 681 1654 772 facili
1701 681 2005 746 Cerberus
2066 685 2222 746 ostio
2276 684 2593 748 Annaeus
2659 682 2949 749 reddidit
3014 685 3285 751 Horatii

472 788 746 851 eandem
807 805 946 852 rem
989 785 1357 880 tractantis·
1416 784 1540 850 ΙΙΙ.
1593 787 1695 849 11.
1748 787 2009 850 15-16
2063 785 2260 851 Cessit
2304 790 2603 852 immanis
2646 787 2771 851 tibi
2810 787 3158 852 blandienti
3202 827 3280 837 ——

471 892 711 954 ianitor
759 891 959 955 aulae.

1705 1045 2050 1128 Troades.

471 1236 617 1302 ΠΙ.
672 1237 1144 1303 canticum
1190 1255 1271 1301 v.
1322 1235 1756 1304 814-860
1812 1240 2113 1304 metro
2165 1238 2598 1320 sapphico
2652 1256 2873 1305 cum
2920 1241 3279 1307 adoniis

1546 1341 2189 1423 compositum.

679 1501 1015 1579 Scientiae
1063 1511 1132 1577 in
1181 1514 1382 1578 rebus
1431 1511 1896 1596 geographicis
1955 1515 2398 1580 ostentandae
2464 1533 2666 1580 causa
2711 1514 3030 1579 Annaeus
3078 1514 3146 1579 in
3190 1519 3275 1580 47

468 1617 779 1684 versibus
829 1617 1022 1682 huius
1059 1616 1302 1681 cantici
1332 1634 1465 1682 non
1494 1617 1710 1684 minus
1744 1620 1824 1682 38
1858 1615 2123 1682 nomina
2155 1623 2506 1700 terrarum,
2551 1618 2943 1698 insularum,
2994 1618 3272 1701 urbium,

465 1721 804 1802 montium,
853 1738 1191 1802 aquarum,
1237 1720 1556 1801 pleraque
1605 1723 1888 1786 obscura
1943 1721 2194 1787 attulit.
2274 1721 2406 1788 Sed
2473 1741 2616 1788 cum
2682 1723 3021 1789 sententia
3066 1722 3273 1788 totius

467 1824 710 1890 cantici
757 1824 1181 1890 contineatur
1224 1843 1284 1890 V.
1333 1824 1460 1890 814
1507 1849 1664 1910 quae
1708 1837 1882 1889 vocat
1929 1827 2099 1889 sedes
2144 1827 2494 1891 habitanda
2542 1829 2805 1912 captas?
2853 1831 2923 1892 et
2955 1827 3271 1907 quidquid

468 1929 774 2010 sequitur
819 1928 984 1994 nihil
1031 1928 1209 1994 aliud
1256 1927 1385 1994 nisi
1433 1927 1717 1994 subiecti
1762 1929 1829 1994 in
1880 1948 1956 1995 eo
2005 1929 2349 1996 enuntiato
2396 1929 2821 2012 amplificatio
2873 1931 2961 1996 sit
2996 1935 3063 1996 et
3127 1951 3275 1997 sen-

464 2033 713 2098 tentias
763 2053 846 2098 ex
889 2031 1156 2097 Horatii
1203 2034 1515 2114 operibus
1562 2035 1947 2114 desumptas
1996 2039 2196 2114 atque
2257 2036 2341 2100 ad
2389 2037 2904 2116 componendum
2950 2036 3074 2100 hoc
3122 2054 3275 2101 can-

462 2136 664 2202 ticum
712 2137 1044 2202 adhibitas
1090 2135 1342 2202 frustra
1391 2155 1692 2219 quaeraS,
1738 2141 1984 2220 tamen,
2032 2138 2337 2219 quoniam
2382 2139 2615 2204 horum
2676 2140 2967 2204 locorum
3012 2139 3275 2206 nomina

463 2241 784 2307 Horatius
833 2260 1092 2322 quoque
1141 2260 1272 2306 non
1319 2261 1534 2322 pauca
1581 2243 2133 2325 commemoravit,
2204 2243 2462 2310 Seneca
2523 2245 2627 2309 his
2678 2243 2939 2325 quidem
2986 2244 3268 2328 singulis

462 2345 808 2410 vocabulis
843 2348 928 2410 ad
959 2343 1275 2410 Flaccum
1299 2345 1677 2426 respexisse
1710 2347 1997 2429 videtur,
2046 2365 2240 2426 quam
2270 2365 2410 2413 rem
2443 2347 2539 2414 ita
2572 2368 2643 2414 se
2669 2351 2918 2414 habere
2952 2349 3269 2431 exemplis

461 2449 592 2514 iam
641 2468 784 2514 sum
832 2451 1426 2514 demonstraturus.

672 2553 750 2618 In
817 2552 960 2634 ipso
1028 2553 1270 2618 cantici
1333 2552 1523 2618 initio
1587 2573 1651 2620 v.
1701 2555 1826 2618 815
1893 2558 2265 2620 Thessali
2327 2568 2553 2621 montes
2615 2569 2670 2619 et
2734 2580 2931 2642 opaca
2976 2559 3271 2638 Tempe

460 2656 764 2724 videmus
814 2656 1078 2723 nomina
1126 2662 1351 2723 terrae
1419 2661 1488 2724 et
1531 2657 1728 2725 vallis
1791 2657 1973 2725 illius
2040 2657 2372 2726 disiuncta
2436 2679 2477 2725 a
2523 2659 2796 2743 Seneca,
2858 2663 2941 2726 ab
2986 2661 3267 2729 Horatio

461 2762 817 2829 coniuncta
847 2762 898 2826 Ι.
933 2765 989 2826 7.
1026 2767 1067 2827 4
1100 2766 1492 2829 Thessala
1521 2766 1840 2845 Tempe.
1871 2764 2143 2829 Pariter
2174 2767 2451 2830 eandem
2482 2764 2821 2847 virtutem,
2855 2782 2985 2846 qua
3016 2766 3269 2831 Seneca

456 2866 800 2933 Phtiotida
846 2866 1140 2947 instruit,
1188 2886 1248 2933 v.
1297 2871 1422 2933 815
1470 2892 1553 2932 an
1597 2871 1766 2932 viros
1811 2870 1990 2931 tellus
2034 2870 2187 2932 clare
2231 2872 2648 2934 militares
2692 2906 2777 2916 —
2824 2871 3035 2955 aptior
3081 2870 3269 2933 Phtie-

459 2972 853 3037 attributam
903 2990 1051 3038 esse
1098 2972 1340 3037 Italiae
1387 2972 1759 3038 invenimus
1806 2975 1891 3038 ab
1938 2964 2219 3038 Hora'tio
2266 2973 2317 3037 Ι.
2366 2976 2467 3036 22.
2519 2976 2601 3038 13
2676 2972 2874 3048 Quale
2908 2985 3265 3061 portentum

453 3098 646 3157 ‘neque
721 3078 1131 3140 militaris
1217 3078 1519 3139 Daunias
1603 3077 1749 3140 latis
1831 3077 1949 3140 alit
2023 3076 2361 3141 aesculetis,
2458 3078 2552 3141 At
2627 3076 2885 3142 Seneca
2976 3098 3038 3146 V.
3139 3082 3264 3145 829
3352 3088 3368 3105 ⁰

457 3177 677 3241 Pelion
724 3228 737 3241 .
773 3228 786 3241 .
820 3227 833 3241 .
870 3228 883 3243 .
930 3182 1153 3241 tertius
1197 3180 1356 3242 caeli
1392 3180 1636 3267 gradus
1681 3185 1904 3244 notam
1968 3180 2148 3245 illam
2214 3182 2294 3245 de
2361 3200 2585 3263 pugna
2632 3180 2995 3265 Gigantum
3041 3180 3266 3248 fabula

457 3281 756 3347 breviter
821 3282 1069 3365 attigit,
1135 3282 1457 3349 Horatius
1525 3290 1835 3350 accurate
1903 3284 2202 3365 depinxit
2269 3284 2395 3349 III.
2458 3289 2517 3349 4.
2586 3268 2841 3351 51’-52
2890 3268 3293 3374 Fran-esque

459 3386 773 3450 tendentes
837 3410 1027 3473 opaco
1074 3424 1158 3435 —-
1206 3386 1424 3452 Pelion
1487 3391 1860 3474 imposuisse
1936 3388 2218 3475 Olympo.
2301 3390 2449 3456 Una
2513 3390 2786 3456 Aiacem
2855 3411 3001 3457 cum
3048 3391 3267 3473 patria

457 3491 792 3557 Salamine
840 3492 1136 3558 nominat
1184 3492 1439 3558 Seneca
1486 3512 1548 3559 v.
1600 3496 1727 3558 844
1795 3494 2103 3579 numquid
2156 3492 2382 3557 Aiacis
2446 3494 2781 3559 Salamina
2825 3502 2871 3574 ᾧ
2914 3500 3070 3575 veri,
3137 3516 3267 3576 qua

454 3595 522 3662 in
569 3616 643 3661 re
693 3615 836 3661 eum
906 3597 1195 3677 praeivit
1241 3597 1564 3664 Horatius
1628 3598 1681 3662 I.
1754 3601 1813 3661 7.
1861 3602 1941 3689 2Ι
2012 3598 2241 3663 Teucer
2304 3598 2639 3663 Salamina
2690 3610 3061 3684 patremque
3127 3623 3267 3663 ovem

438 3702 696 3787 fuqeret
743 3706 813 3781 et
858 3701 909 3765 I.
963 3705 1061 3765 15.
1109 3704 1190 3766 23
1240 3701 1634 3766 Salaminius
1689 3702 1939 3768 Teucer.
1987 3702 2247 3768 Deinde
2294 3703 2469 3768 idem
2502 3702 2845 3783 epitheton
2879 3702 3119 3769 Cretae
3166 3704 3261 3768 in-

454 3806 644 3871 sulae
691 3805 972 3871 inditum
1003 3805 1376 3871 invenimus
1410 3826 1472 3872 v.
1507 3809 1633 3870 819
1664 3809 2011 3872 urbibus
2043 3816 2372 3872 emitum
2402 3808 2774 3887 spatiosa
2808 3809 3034 3872 Crete
3064 3812 3263 3886 atque

456 3913 630 3992 apud
662 3910 1014 3975 Horatium
1048 3909 1174 3979 ΙΙΙ.
1211 3912 1311 3973 27.
1358 3913 1440 3976 33
1490 3913 1601 3993 qui
1642 3912 1834 3973 simul
1875 3919 2205 3976 emersum
2238 3912 2437 3994 tetiyit
2469 3919 2888 3991 potentem
2932 3914 3265 3991 oppidis

459 4018 768 4081 Creten.
834 4014 914 4079 In
981 4033 1042 4079 v.
1110 4015 1234 4077 848
1299 4014 1497 4099 Pylon
1561 4036 1644 4077 an
1708 4012 1962 4077 senilem
2017 4016 2247 4079 urbem
2313 4013 2586 4079 senilem
2652 4013 3107 4080 verisimiliter
3178 4018 3257 4079 ob

459 4120 760 4184 Nestora
807 4137 1030 4184 senem
1079 4117 1532 4199 compellatam
1605 4136 1752 4183 esse
1811 4136 1850 4182 a
1900 4117 2151 4182 Seneca
2196 4118 2597 4198 respiciente
2647 4119 2731 4182 ad
2776 4116 2937 4184 Hor.
2985 4118 3113 4185 ΙΙΙ.
3165 4121 3261 4183 15.

453 4226 534 4287 22
580 4236 700 4287 noa
747 4224 1002 4311 Pylium
1051 4222 1326 4286 Nestora
1370 4225 1635 4307 respicis
1682 4222 2002 4305 suspicor,
2052 4241 2449 4303 quamquam
2496 4225 2844 4288 Annaeum
2895 4227 2964 4287 et
2996 4223 3262 4289 aliunde

453 4329 798 4409 epitheton
842 4328 1007 4393 illud
1055 4346 1314 4393 sumere
1370 4326 1668 4409 potuisse
1715 4328 1893 4392 haud
1939 4326 2194 4410 ignoro.
2244 4327 2336 4391 At
2392 4332 2573 4393 certe
2600 4346 2685 4391 ex
2715 4325 2876 4391 Hor.
2925 4326 3051 4391 III.
3086 4331 3145 4391 2.
3184 4330 3264 4391 17

453 4431 598 4496 Sive
651 4454 802 4517 quos
846 4436 1055 4498 Elea
1121 4432 1368 4495 domum
1435 4432 1675 4495 reducit
1719 4467 1807 4479 —
1850 4432 2077 4517 palma
2123 4430 2406 4495 caelestes
2470 4436 2596 4495 ete.
2663 4432 3094 4496 adumbratus
3160 4436 3265 4495 est

452 4556 690 4603 versus
727 4540 852 4602 850
886 4548 941 4600 et
971 4539 1208 4600 coronis
1247 4574 1315 4583 —
1355 4538 1612 4600 Elida
1641 4536 1924 4599 claram?
1956 4536 2214 4601 Deinde
2249 4535 2590 4617 epitheton
2622 4535 2890 4616 Pelopis
2924 4535 3262 4615 proprium

450 4641 519 4706 in
575 4661 636 4706 v.
688 4644 816 4705 855
865 4653 920 4703 et
966 4644 1194 4706 saevi
1242 4640 1492 4725 Pelopis
1541 4640 1837 4725 Mycenae
1883 4640 2176 4705 occurrit
2221 4639 2350 4704 iam
2399 4641 2575 4722 apud
2620 4639 2970 4704 Horatium
3017 4638 3070 4706 Ι.
3120 4642 3177 4703 6.
3224 4642 3261 4703 8

454 4745 586 4810 Nec
629 4764 965 4811 saevam
1045 4746 1295 4831 Pelopis
1363 4745 1630 4808 domum.
1693 4744 2042 4810 Postremo
2108 4744 2163 4809 Si
2228 4744 2296 4809 in
2361 4764 2425 4810 V.
2496 4748 2621 4809 857
2688 4755 2743 4807 et
2802 4764 3023 4807 ‘nocens
3086 4746 3263 4807 samis

451 4852 662 4913 Ithace
708 4850 939 4913 dolosis
1002 4854 1400 4915 nocentem
1467 4848 1871 4929 appellatam
1943 4867 2091 4913 esse
2138 4848 2443 4913 Ithacam
2509 4848 2590 4913 ob
2636 4846 2905 4913 Ulixem
2952 4847 3258 4913 Troianis
