3759 5400
1593 193 2026 255 ..43-

516 365 575 428 2.
834 365 892 427 3.
1237 367 1296 428 4.
1422 397 1428 401 ·

397 469 712 534 ventosi
757 475 1035 534 tumor
1077 469 1492 546 Hadriae,
1537 466 1617 532 of.
1665 467 1828 532 Hor.
1875 466 2001 532 III.
2060 470 2121 532 3.
2187 469 2360 532 5-6
2405 489 2594 551 neque
2640 466 2891 550 Auster,
2920 499 3017 514 ·—
3072 469 3205 532 dux

559 575 618 636 2.
979 574 1040 638 3.
1437 575 1498 636 4.
2298 574 2357 636 1.

399 679 762 758 inquieti
823 677 1210 742 turbidus
1269 677 1664 742 Hadriae
1731 713 1802 722 —
1879 697 1987 740 nec
2046 676 2611 758 fulmmantis
2678 698 2908 763 mayna
2983 699 3205 740 manus

400 782 609 864 Iovi3;
675 779 980 863 conferas
1045 780 1244 847 etiam
1309 781 1472 847 Hor.
1532 779 1658 846 III.
1727 783 1783 846 1.
1829 783 1913 846 25
1960 799 2059 862 sq.
2125 781 2627 864 Desiderantem,
2684 781 2849 864 quod
2891 784 3049 845 satis
3092 791 3201 859 est,

400 909 590 970 neque
620 883 1180 952 —tumultuosum
1225 883 1521 951 sollicitat
1563 907 1756 952 mare.
1800 885 1936 952 Sed
1982 904 2129 951 cum
2158 885 2484 952 Horatius
2530 883 2600 952 in
2640 885 2772 951 III.
2820 889 2859 951 3
2908 869 3202 968 descrip-

398 992 645 1057 tionem
711 1009 937 1056 earum
1000 1010 1241 1074 rerum,
1309 1009 1480 1071 quae
1532 991 1766 1056 iustum
1835 1002 1895 1056 et
1964 1002 2239 1056 tenacem
2294 991 2611 1078 propositi
2674 992 2883 1054 viram
2944 995 3203 1057 terrere

400 1099 756 1179 nequeant,
819 1113 993 1163 verS.
1044 1099 1212 1161 7-—8
1287 1097 1348 1161 si
1404 1095 1668 1183 fractus
1727 1093 2053 1160 inlabatur
2126 1097 2293 1161 orbis
2362 1133 2437 1143 —
2505 1095 2895 1181 impavidum
2953 1095 3203 1182 fer-ient

401 1203 626 1264 ruinae
670 1199 1002 1283 terminet,
1048 1199 1306 1268 Seneca
1375 1205 1711 1282 tamquam
1775 1218 1891 1266 eos
1936 1217 2176 1268 versus
2222 1198 2593 1268 variatione
2660 1219 2743 1266 ex
2789 1200 2963 1266 omni
3010 1203 3203 1282 parte

403 1304 865 1371 illustraturus
910 1303 1136 1388 pergit
1181 1324 1242 1374 v.
1289 1308 1416 1371 363
1463 1324 1558 1386 sq.
1603 1327 1783 1389 quem
1827 1328 1951 1370 non
1998 1305 2213 1370 lancea
2254 1305 2493 1388 militis,
2560 1341 2645 1352 -—-
2699 1327 2819 1370 non
2865 1307 3203 1371 strictus

404 1409 641 1476 domuit
684 1409 931 1497 chalybs
976 1409 1058 1478 cf.
1105 1410 1266 1476 Hor.
1315 1409 1442 1476 III.
1488 1414 1545 1476 1.
1593 1412 1674 1476 17
1737 1413 2212 1478 Det-strictus
2273 1412 2523 1490 ensi-9,
2596 1411 2704 1474 cui
2752 1432 2944 1497 super
3002 1410 3204 1496 impia

403 1553 482 1562 ——-
529 1515 759 1579 cervice
794 1514 1024 1600 pendet
1069 1519 1195 1580 eto.
1241 1513 1492 1581 Contra
1536 1533 1596 1582 V.
1647 1518 1777 1581 365
1819 1517 1932 1600 qui
1972 1523 2146 1581 tuto
2178 1521 2433 1602 positus
2470 1513 2597 1580 loco
2638 1514 2943 1581 nimirum
2986 1513 3044 1580 is
3078 1519 3204 1598 est,

401 1619 516 1700 qui
559 1619 724 1686 Hor.
770 1618 860 1685 II.
908 1621 1010 1688 10.
1041 1622 1258 1688 5-10
1302 1619 1588 1685 Auream
1655 1621 1941 1706 quisquis
2004 1619 2496 1686 mediocritatem
2526 1617 2639 1668 ‘--
2706 1619 2918 1707 diliyit
2972 1627 3201 1686 tutus

403 1734 573 1790 caret
617 1722 873 1790 obsoleti
912 1724 1205 1790 sordibus
1249 1725 1392 1789 tecti
1434 1729 1561 1791 etc.

608 1830 915 1896 Alterum
959 1828 1350 1896 imitationis
1419 1849 1630 1914 genus
1676 1829 2022 1898 invenitur
2065 1829 2134 1896 in
2179 1848 2242 1897 v.
2288 1832 2632 1896 376—377
2678 1838 2863 1896 certet
2912 1829 3209 1894 Danuvii

402 1933 631 1998 vadum
677 1969 762 1980 -—
806 1934 1016 2018 audet,
1055 1935 1169 2019 qui
1198 1934 1396 2020 pedes
1437 1935 1704 2019 inqredi,
1764 1934 2005 2015 quibus
2053 1935 2249 2000 unica
2292 1953 2423 2002 vox
2477 1933 2745 2001 Horatii
2796 1935 2919 2001 IV.
2970 1938 3071 2000 15.
3118 1936 3199 1998 21

396 2039 790 2124 profundum
833 2038 1208 2104 Danuvium
1254 2037 1572 2105 redditur.
1625 2040 1707 2106 In
1753 2039 2061 2107 versibus
2118 2041 2463 2106 378-379
2508 2050 2565 2104 et
2610 2043 3023 2124 (quocumque
3070 2039 3198 2102 loco

311 2181 326 2196 ·
406 2140 636 2229 iacent)
684 2179 768 2190 --
815 2141 997 2207 Seres
1039 2142 1260 2208 vellere
1303 2144 1537 2209 nobiles
1581 2145 1812 2210 eadem
1875 2163 2061 2228 genS,
2130 2145 2250 2210 sed
2315 2145 2383 2210 in
2452 2143 2654 2210 certis
2684 2142 2983 2210 -sedibus
3030 2144 3201 2209 cele-

403 2248 660 2329 bratur,
709 2247 788 2313 cf.
835 2248 998 2314 Hor.
1041 2247 1094 2313 Ι.
1145 2251 1246 2314 12.
1293 2252 1376 2318 55
1423 2247 1574 2313 Sive
1615 2249 1915 2332 subiectos
1982 2248 2257 2313 Orientis
2318 2271 2467 2313 orae
2509 2257 2597 2296 -’-
2643 2248 2835 2313 Seras
2890 2258 2947 2312 et
2992 2247 3203 2326 Indos,

401 2350 526 2417 ΠΙ.
572 2355 674 2417 29.
720 2353 824 2428 27,
869 2351 985 2418 IV.
1035 2355 1136 2417 15.
1186 2354 1270 2417 24
1315 2371 1412 2434 sq.
1463 2352 1538 2418 V.
1584 2355 1931 2418 366-368
1982 2352 2194 2439 (infra
2238 2376 2305 2417 se
2346 2353 2515 2417 videt
2558 2353 2769 2418 omnia
2814 2391 2895 2402 -—
2928 2371 3205 2419 occur-

401 2457 676 2536 ritque
717 2475 868 2522 suo
913 2458 1176 2522 libens
1217 2494 1304 2504 —
1333 2461 1521 2540 fato
1563 2477 1714 2524 neo
1759 2459 2142 2539 queritur
2185 2458 2437 2538 mori)
2482 2462 2591 2522 est
2633 2457 2826 2542 idem,
2872 2455 2986 2537 qui
3029 2457 3205 2539 apud
3282 2481 3302 2504 ·
3338 2480 3345 2490 ·

406 2558 757 2646 Horatium
803 2559 918 2626 IV.
965 2565 1022 2627 9.
1065 2563 1324 2626 47-52
1370 2562 1627 2626 deorum
1674 2600 1752 2610 —-
1799 2563 2161 2627 muneribus
2220 2564 2537 2648 sapienter
2592 2565 2693 2627 uti
2735 2600 2819 2610 --
2862 2563 3205 2644 duramque

407 2664 584 2731 callet
623 2666 996 2753 pauperiem
1057 2666 1206 2752 pati
1245 2706 1329 2715 —-
1368 2667 1668 2754 peiusque
1731 2667 1845 2733 leto
1894 2667 2220 2755 flayitium
2272 2669 2443 2733 timet
2510 2706 2582 2717 -
2650 2687 2825 2734 non
2868 2669 3013 2734 itte
3044 2683 3209 2748 pro

405 2773 630 2838 caris
675 2774 978 2838 amicis
1022 2810 1108 2821 —-
1153 2781 1304 2840 aut
1333 2776 1634 2854 patria
1677 2776 2034 2841 timidus
2071 2776 2383 2855 perire.

614 2875 867 2943 Versus
914 2880 1258 2943 381-384
1313 2878 1410 2943 nit
1449 2876 1597 2944 ultis
1639 2901 1798 2966 opus
1861 2889 1951 2944 eet
2014 2881 2206 2964 equis,
2262 2916 2329 2927 —
2382 2875 2476 2941 nil
2516 2880 2717 2943 armis
2778 2888 2834 2943 et
2900 2878 3207 2941 inertibus

406 3017 491 3027 —
536 2979 694 3064 mlix,
756 3004 917 3067 quae
974 2982 1208 3067 procul
1271 2984 1497 3069 inqerit
1563 3018 1648 3031 —-
1711 2984 2009 3065 Parthus,
2054 3005 2193 3047 cum
2252 2982 2509 3047 simulat
2552 2984 2760 3070 fuqas
2803 3000 3206 3067 magnopere

410 3084 772 3150 admonent
815 3085 976 3151 Hor.
1021 3085 1074 3151 I.
1121 3088 1225 3153 22.
1273 3088 1444 3151 1-4
1507 3087 1752 3172 Inteqev·
1818 3090 1988 3151 vitae
2031 3074 2391 3171 scelerisque
2442 3110 2654 3173 purus
2699 3091 2845 3171 etc„
2892 3106 3019 3169 quo
3066 3087 3210 3153 loco

408 3187 780 3255 Horatiano
828 3188 990 3255 nihil
1038 3192 1119 3256 de
1164 3190 1366 3256 armis
1413 3190 1676 3275 dicitur,
1723 3192 1864 3257 tela
1908 3196 2132 3258 autem
2176 3193 2347 3258 bene
2394 3191 2756 3260 distributa
2803 3195 2886 3259 ab
2933 3193 3209 3258 Annaeo

409 3293 552 3359 solo
601 3291 897 3375 epitheto
943 3297 1248 3362 inertibus
1291 3296 1594 3363 breviter
1639 3298 2137 3363 adumbrantur.
2186 3295 2412 3363 Etiam
2460 3299 2632 3377 quod
2681 3300 2763 3364 de
2808 3297 3208 3363 Parthorum

409 3415 658 3481 genere
703 3398 817 3465 illo
863 3400 1206 3484 pugnandi
1251 3401 1568 3468 Annaeus
1616 3401 1856 3484 adfert,
1928 3421 2074 3469 cum
2142 3402 2369 3469 multis
2415 3402 2683 3469 Horatii
2749 3402 2915 3468 locis
2961 3400 3209 3483 optime

408 3499 744 3569 consentit
788 3504 1000 3570 veluti
1045 3524 1191 3572 cum
1236 3506 1287 3572 Ι.
1337 3509 1437 3572 19.
1489 3508 1566 3572 11
1625 3518 1680 3571 et
1725 3507 1919 3573 versis
1962 3508 2325 3573 animosum
2398 3508 2572 3592 equis
2616 3508 2927 3571 Parthum
2986 3506 3209 3588 dicere,

408 3607 522 3674 ubi
565 3610 762 3673 versis
807 3609 981 3695 equis
1025 3610 1173 3677 voci
1218 3610 1514 3678 Senecae
1542 3612 1772 3700 fuqas,
1840 3614 2195 3679 animosum
2258 3617 2483 3680 autem
2527 3611 2786 3676 simulat
2830 3608 3209 3693 respondet.

409 3710 730 3779 Conferas
795 3712 997 3779 etiam
1043 3713 1132 3780 H.
1202 3719 1304 3780 18.
1355 3718 1454 3794 17,
1519 3716 1645 3783 III.
1697 3720 1754 3784 2.
1802 3721 1861 3802 3,
1928 3717 2044 3783 IV.
2092 3720 2195 3782 15.
2246 3720 2347 3782 17.
2394 3713 2859 3799 Amplificatio,
2926 3733 3095 3797 quae
3142 3714 3209 3781 in

411 3819 758 3883 385-387
807 3821 1051 3902 exstat,
1098 3823 1204 3885 est
1249 3838 1410 3887 vere
1455 3821 1736 3888 Annaei.
1786 3821 1888 3888 Ad
1921 3840 2189 3891 versum
2220 3824 2346 3889 394
2391 3842 2487 3885 me
2530 3819 2733 3885 dulcia
2761 3831 3000 3885 saturet
3038 3823 3213 3907 quies

407 3921 756 3989 adnotavit
799 3922 1182 4006 Zingerlius
1228 3924 1272 3989 1.
1323 3944 1375 3991 e.
1420 3945 1571 4011 pag.
1634 3930 1716 3992 14
1763 3927 1926 3992 Hor.
1974 3926 2065 3992 ΙΙ.
2115 3930 2217 3993 16.
2266 3928 2349 3992 37
2404 3926 2570 3989 mihi
2599 3948 2817 4011 parva
2847 3949 3009 3991 rura
3054 3930 3212 4004 etc.;

409 4026 716 4107 equidem
761 4027 1128 4094 addiderim
1172 4028 1334 4095 Hor.
1381 4029 1471 4095 ΙΙ.
1518 4034 1619 4097 17.
1667 4034 1770 4113 32,
1814 4029 1939 4097 ΠΙ.
1988 4034 2047 4095 1.
2094 4034 2197 4096 45.
2244 4029 2372 4096 ΙΙΙ.
2424 4032 2523 4097 19.
2569 4032 2672 4113 28,
2717 4029 2833 4097 IV.
2878 4034 2937 4096 5.
2967 4033 3069 4096 38.
3103 4030 3210 4095 Ad

409 4134 621 4196 totum
666 4133 879 4199 locum
926 4132 1312 4199 conferatur
1355 4134 1517 4202 Hor.
1565 4135 1694 4201 III.
1744 4137 1846 4199 16.
1897 4137 2155 4201 18-19
2202 4135 2342 4199 iure
2389 4134 2738 4220 perhorrui
2781 4171 2857 4183 —
2903 4134 3025 4201 tate
3072 4158 3209 4199 con-

408 4237 691 4319 spicuam
733 4236 941 4303 tollere
996 4238 1301 4307 verticem.
1334 4238 1410 4304 V.
1457 4242 1802 4306 394-395
1849 4240 2103 4304 obscuro
2141 4240 2391 4325 positus
2434 4239 2563 4303 Zooo
2615 4274 2686 4287 —-
2740 4236 2868 4303 leni
2904 4240 3211 4327 perfruar

408 4342 533 4404 otio
578 4340 824 4408 similes
871 4341 999 4409 loci
1031 4346 1101 4409 et
1145 4343 1489 4411 sententia
1533 4348 1604 4411 et
1649 4361 1950 4410 sermone
1982 4343 2110 4410 III.
2145 4344 2199 4409 l.
2240 4346 2320 4409 21
2369 4364 2625 4408 somnus
2670 4344 3012 4429 agrestium
3058 4343 3210 4409 lenis

408 4445 689 4509 virorum
757 4450 881 4514 etc.
936 4452 1006 4513 et
1049 4447 1176 4515 ΙΙΙ.
1228 4450 1284 4514 1.
1350 4452 1609 4516 45-48
1665 4471 1780 4515 cur
1841 4447 2199 4514 iuvidondic
2255 4449 2542 4534 postibus
2586 4451 2714 4514 etc,
2778 4446 2862 4514 In
2927 4452 3211 4530 utroque

413 4550 716 4632 exemplo
782 4550 914 4618 loei
955 4552 1317 4619 Horatiani
1363 4552 1612 4623 variati
1677 4557 1746 4619 et
1792 4551 2179 4635 amplificati
2232 4557 2411 4637 sunt,
2476 4552 2773 4619 Senecae
2818 4551 3097 4634 simplex
3144 4556 3213 4619 et

408 4654 614 4721 rudis,
658 4655 980 4723 Fortasse
1027 4657 1324 4725 Senecae
1387 4663 1545 4726 ante
1613 4658 1838 4725 oeulos
1912 4660 2311 4726 obversatus
2378 4662 2485 4724 est
2546 4658 2708 4724 Hor.
2756 4655 2845 4723 ΙΙ.
2894 4660 2950 4723 3.
2996 4660 3210 4723 5-12

412 4759 537 4824 Seu
593 4771 652 4825 te
695 4762 765 4826 in
807 4770 1040 4825 remoto
1080 4766 1365 4848 qramine
1418 4786 1546 4850 per
1590 4762 1726 4828 dies
1771 4802 1854 4811 —-
1904 4763 2119 4850 festos
2161 4763 2531 4829 reclinatum
2574 4764 2785 4828 bearis
2830 4765 2955 4828 etc.
3017 4762 3210 4831 Post-

409 4882 589 4932 remo
632 4864 701 4932 in
747 4884 808 4934 v.
854 4866 982 4931 396
1028 4867 1221 4932 nullis
1278 4880 1428 4933 nota
1477 4870 1949 4953 Quiritibus
1994 4867 2565 4935 anachronismum
2613 4866 2953 4935 Lucianus
2998 4866 3208 4934 Muel-
